2401 3462
617 530 641 565 4
930 537 1096 565 somnis
1115 537 1455 565 SARESBERIENSIS
1669 526 1724 574 [A.
1746 536 1782 565 n.

622 631 874 670 conscientia.
930 631 1011 669 Dat
1041 638 1171 670 tamen
1203 631 1385 681 sperandi
1421 643 1574 676 ausum,
1607 631 1676 682 qui
1711 643 1786 669 nos

620 693 854 744 ignobilium
890 699 929 731 et
963 692 1207 732 infirmorum
1243 694 1390 732 elector
1424 693 1708 732 ecclesiasticae
1739 693 1787 731 li·

620 756 782 795 bertatis
800 754 1037 806 professores
1063 768 1151 794 esse
1177 756 1365 807 permisit,
1386 762 1597 795 assertores
1609 755 1789 806 justitiae,

620 824 660 857 et
685 824 804 856 testes
829 817 942 867 legis,
968 818 1224 856 asseverantis
1257 818 1361 870 quod
1394 831 1467 856 nec
1500 817 1679 864 exilium,
1709 830 1785 856 nec

619 880 960 931 proscriptionem,
979 879 1191 919 dummodo
1210 881 1278 919 illa
1300 880 1439 930 vigeat,
1457 893 1531 932 pro
1553 879 1639 930 ipsa
1656 879 1786 918 fidelis

620 941 763 981 debeat
778 942 998 981 formidare.
1053 942 1201 981 Omnes
1225 955 1374 981 caussae
1397 949 1540 981 nostrae
1560 948 1670 979 tenes
1692 940 1784 979 arti-

618 1005 752 1044 culos:
774 1004 1095 1055 juramentorum,
1115 1017 1203 1055 quae
1222 1018 1246 1043 a
1265 1005 1380 1044 nobis
1399 1011 1540 1044 exacta
1558 1008 1663 1050 sunt,
1680 1003 1785 1042 nosti

617 1065 928 1117 conceptionem,
944 1071 987 1104 ut
1005 1065 1047 1104 in
1065 1065 1138 1104 hac
1160 1073 1269 1116 parte
1284 1065 1510 1116 diligentius
1531 1063 1783 1115 explananda

617 1140 696 1167 non
717 1133 894 1178 oporteat
911 1127 1119 1165 immorari.

670 1188 749 1228 Sed
777 1189 872 1227 sorte
897 1189 1020 1233 dices,
1039 1187 1144 1238 quod
1170 1188 1322 1238 pridem
1350 1189 1548 1239 proposita
1573 1193 1786 1231 mutabitur

615 1251 780 1290 formula
792 1249 1021 1301 juramenti:
1050 1262 1124 1288 nec
1145 1256 1306 1299 cogetur
1322 1251 1463 1301 aliquis
1476 1251 1516 1289 in
1530 1255 1782 1305 reprobarum

619 1311 946 1352 consuetudinum
967 1312 1084 1350 verba
1096 1312 1241 1362 jurare.
1288 1312 1510 1352 Contentus
1528 1315 1600 1354 erit
1617 1322 1782 1355 exactor

609 1374 834 1427 juramenti,
866 1374 897 1412 si
930 1373 1129 1413 fidelitatis
1160 1374 1361 1413 servandae
1394 1375 1468 1413 sibi
1506 1378 1706 1418 succincte
1742 1384 1783 1417 et

615 1437 792 1476 absolute
814 1436 933 1474 verba
960 1442 1215 1486 praestentur:
1245 1436 1299 1476 ita
1322 1437 1483 1488 quidem
1509 1444 1552 1476 ut
1578 1451 1658 1477 non
1681 1440 1781 1492 adji-

615 1498 751 1546 ciatur,
786 1498 926 1537 Fidem
962 1498 1127 1536 ecclesiae
1164 1502 1201 1537 et
1233 1501 1490 1548 prelatorum
1525 1501 1782 1541 obedientiam

614 1562 763 1599 salvam
768 1563 877 1612 sore.
928 1561 1045 1610 Nam,
1062 1567 1107 1599 ut
1125 1561 1247 1607 aiunt,
1267 1562 1354 1600 istis
1371 1576 1446 1601 nec
1467 1564 1547 1602 vult
1563 1577 1637 1603 nec
1658 1566 1780 1603 voluit

614 1624 883 1675 praejudicare.
913 1623 1030 1668 Quod
1048 1637 1120 1662 nec
1140 1623 1312 1673 exigitur
1323 1624 1597 1675 juramentum.
1633 1628 1779 1666 Verum

614 1686 646 1725 si
662 1685 918 1737 praejudicare
933 1699 1012 1724 non
1029 1686 1159 1733 debet,
1175 1699 1294 1737 quare
1307 1688 1537 1726 necessariae
1550 1688 1602 1727 ad
1615 1689 1778 1727 salutem

613 1749 892 1789 observationis
902 1749 1087 1788 nonlicet
1100 1749 1182 1787 fieri
1196 1749 1464 1788 mentionem?
1482 1751 1525 1789 Si
1536 1751 1779 1803 praejudicat,

612 1823 690 1860 qua
716 1811 958 1850 conscientia
983 1812 1228 1861 praestabitur
1250 1824 1273 1849 a
1295 1812 1435 1851 fideli?
1467 1812 1700 1862 Consilium,
1717 1813 1777 1852 in·

613 1873 716 1922 quis,
747 1872 967 1922 sapientum
999 1878 1070 1916 est,
1101 1878 1185 1908 tum
1221 1885 1291 1920 pro
1321 1874 1427 1911 bono
1457 1876 1569 1923 pacis
1600 1882 1640 1913 et
1671 1876 1776 1914 omni

610 1932 836 1984 suspicione
872 1930 1045 1975 vitanda,
1083 1936 1163 1969 tum
1207 1944 1278 1981 pro
1319 1932 1576 1983 adipiscenda
1618 1937 1779 1975 materia

613 1993 883 2045 gerendorum,
904 1999 949 2031 ut
973 1993 1206 2031 necessariis
1233 1999 1272 2031 et
1299 1992 1433 2031 amicis
1461 1994 1627 2045 quisque
1655 1998 1779 2046 possit

613 2056 812 2095 officiosus
842 2069 939 2094 esse.
995 2055 1201 2106 Numquid
1233 2055 1447 2094 amicorum
1480 2064 1519 2095 et
1546 2059 1777 2107 nugantium

610 2119 857 2158 familiarium
882 2119 1025 2166 favore,
1052 2119 1119 2169 qui
1145 2131 1219 2157 nos
1247 2118 1496 2158 deseruerunt
1522 2121 1562 2159 in
1590 2121 1777 2166 adversis,

611 2181 892 2233 relinquendus
910 2187 969 2219 est
992 2188 1102 2231 pater
1118 2180 1482 2229 misericordiarum,
1501 2183 1569 2234 qui
1591 2197 1663 2223 nos
1683 2198 1776 2224 con-

612 2245 758 2283 solatus
784 2249 845 2283 est
863 2249 902 2282 et
928 2244 1152 2282 consolatur
1178 2243 1219 2281 in
1248 2244 1353 2281 omni
1377 2244 1638 2294 tribulatione,
1657 2247 1775 2286 immo

611 2320 684 2346 nec
721 2306 982 2346 tribulationis
1024 2319 1099 2344 nos
1134 2305 1323 2357 permittit
1364 2306 1505 2346 habere
1542 2308 1774 2348 scientiam?

610 2370 786 2409 Suadent
817 2370 881 2408 alii
912 2376 955 2409 ut
978 2369 1169 2421 juremus,
1197 2375 1237 2407 at
1266 2369 1331 2408 ille
1358 2371 1564 2409 consilium
1596 2371 1664 2410 dat
1693 2384 1774 2410 non

604 2432 788 2483 jurandi:
822 2432 979 2470 cuinam
998 2437 1113 2482 putas
1135 2444 1219 2470 esse
1239 2431 1507 2471 credendum?
1551 2433 1642 2482 Ego
1670 2440 1774 2473 certe

613 2495 706 2537 Dei,
725 2507 797 2545 pro
815 2507 876 2532 me
894 2494 1087 2532 incarnati
1107 2500 1145 2531 et
1162 2494 1318 2543 mortui,
1331 2496 1539 2534 consilium
1558 2495 1716 2534 fidelius
1736 2503 1776 2535 et

612 2556 804 2595 salubrius
840 2555 979 2593 credo:
1026 2562 1066 2593 et
1096 2556 1204 2593 illum
1241 2556 1381 2595 frontis
1407 2558 1545 2596 attritae
1576 2570 1662 2597 esse
1692 2571 1774 2597 non

610 2619 822 2667 ambigam,
840 2618 907 2669 qui
934 2630 1048 2655 suum
1076 2616 1230 2655 duxerit
1258 2618 1553 2668 praeferendum.
1600 2619 1658 2658 Ut
1680 2632 1773 2669 ergo

610 2687 773 2719 caeteras
798 2679 974 2731 majores,
992 2685 1031 2717 et
1058 2678 1130 2717 tibi
1156 2685 1267 2718 notas
1285 2680 1397 2718 exilii
1418 2686 1458 2719 et
1476 2679 1774 2732 proscriptionis

611 2755 769 2783 caussas
796 2747 959 2787 taceam,
982 2741 1075 2792 quia
1099 2753 1171 2792 pro
1201 2741 1356 2780 Christo
1378 2741 1600 2792 juramenta
1623 2741 1774 2782 dissua-
