2401 3462
543 534 753 585 1173—4.]
1029 544 1247 574 EPISTOLAE.
1627 539 1704 575 289

536 653 640 678 nunc
668 639 894 692 requiritur,
921 639 987 678 sed
1015 639 1130 679 etiam
1159 639 1338 685 aliorum,
1368 639 1433 692 qui
1462 642 1511 680 ob
1536 639 1696 678 eandem

533 715 706 741 caussam
727 702 881 749 damna,
895 701 1077 749 ludibria,
1097 710 1135 741 et
1152 702 1307 741 verbera
1325 702 1475 755 experti
1487 704 1697 755 proscripti

534 772 641 812 sunt,
654 764 879 804 incarcerati
899 771 1004 810 sunt,
1019 764 1057 803 in
1077 764 1235 803 exilium
1250 764 1356 803 missi
1371 770 1476 813 sunt,
1492 772 1531 803 et
1549 764 1630 803 fere
1648 764 1697 803 de

535 834 619 867 toto
632 827 726 866 orbe
743 828 897 875 Latino,
912 827 1015 866 uncle
1029 827 1295 880 migraverunt
1306 826 1356 866 ad
1372 827 1599 874 Dominum,
1610 840 1697 879 pas-

536 889 690 928 sionum
703 903 859 929 suarum
873 889 1104 938 debitam,et
1120 904 1210 941 quae
1223 891 1353 929 Deum
1367 889 1513 937 deceat,
1520 896 1559 928 et
1576 889 1695 940 prosit

533 951 716 998 ecclesiae,
724 959 913 1004 expetunt
923 951 1120 992 ultionem.
1137 954 1182 991 In
1191 951 1251 990 his
1259 951 1392 1004 itaque
1399 951 1581 990 laetantur
1582 965 1599 1003 J
1606 950 1695 998 usti,

533 1013 603 1066 qui
612 1014 745 1053 vident
754 1014 961 1053 vindictam
971 1014 1137 1066 justitiae
1149 1027 1353 1052 consonam
1367 1015 1443 1053 Dei
1449 1012 1584 1065 gloriae
1596 1011 1697 1050 mili-

534 1082 631 1122 tare,
651 1074 823 1115 lavantes
845 1075 983 1127 utique
1011 1089 1149 1115 manus
1175 1090 1264 1114 suas
1288 1077 1327 1115 in
1354 1076 1540 1127 sanguine
1563 1087 1695 1126 pecea-

537 1144 679 1176 torum.
717 1140 818 1177 Haec
836 1137 1056 1178 summatim
1072 1137 1121 1176 de
1134 1138 1208 1184 his,
1222 1152 1312 1190 quoe
1327 1137 1577 1190 publicantur
1590 1135 1697 1188 apud

533 1212 617 1245 nos,
636 1199 705 1239 ubi
727 1200 832 1239 solus
850 1200 915 1239 ille
938 1207 1048 1240 tutus
1066 1207 1137 1247 est,
1156 1214 1274 1253 quem
1293 1200 1402 1239 furor
1419 1199 1605 1250 exagitat,
1626 1204 1695 1236 aut

534 1274 651 1313 quem
687 1261 858 1315 Spiritus
890 1269 1044 1301 sanctus
1075 1261 1190 1300 efficit
1220 1261 1389 1301 omnium
1423 1259 1693 1313 temporalium

533 1331 851 1376 contemptorem.
907 1323 1020 1363 Foris
1044 1326 1145 1364 enim
1170 1323 1299 1362 adstat
1317 1323 1482 1375 gladiuS,
1503 1323 1619 1362 timor
1636 1321 1695 1360 in-

533 1393 620 1425 tus:
658 1386 754 1425 civis
779 1394 818 1426 et
847 1386 970 1426 hostis
988 1386 1028 1425 in
1046 1386 1181 1425 eodem
1206 1386 1286 1426 fere
1305 1393 1509 1425 versantur
1531 1383 1692 1424 calculo.

533 1449 679 1487 Nostra
691 1457 822 1488 autem
836 1463 916 1488 sors
929 1449 1223 1488 conviventibus
1236 1448 1481 1501 adaequatur,
1494 1447 1568 1487 nisi
1585 1445 1693 1499 quod

530 1509 632 1549 inter
658 1511 825 1563 Scyllam
846 1519 885 1550 et
906 1511 1146 1563 Charybdim
1178 1511 1428 1562 periculosius
1452 1510 1692 1561 navigantes,

534 1569 752 1610 evidentior
779 1583 898 1622 supra
925 1577 965 1609 et
988 1578 1122 1609 contra
1150 1572 1288 1609 merita
1309 1577 1441 1609 nostra
1469 1569 1544 1608 Dei
1563 1568 1694 1621 propi-

534 1630 645 1671 tiatio
659 1632 866 1683 benignius
878 1631 1109 1671 consolatur.
1139 1632 1240 1670 Nam
1260 1639 1305 1670 ut
1325 1631 1397 1671 sibi
1412 1632 1536 1682 magis
1555 1629 1692 1668 reddat

533 1693 734 1741 obnoxios,
753 1694 944 1733 intentata
961 1708 983 1731 e
1001 1694 1127 1732 vicino
1145 1693 1314 1732 ostendit
1334 1691 1518 1745 pericula,
1537 1699 1576 1731 et
1595 1691 1690 1729 vali-

531 1755 817 1794 diusirruentia
824 1769 926 1807 saepe
938 1755 1090 1807 longius
1096 1755 1261 1808 fortiusq
1268 1769 1316 1794 ue
1323 1755 1490 1807 repellit,
1498 1763 1542 1794 ut
1555 1754 1692 1794 merito

531 1818 660 1857 dicere
678 1818 887 1857 debeamus
902 1833 911 1857 ι
941 1818 1018 1863 Qui
1047 1817 1260 1856 Dominum
1288 1818 1316 1856 J
1318 1831 1441 1864 esum,
1469 1817 1562 1856 velit
1594 1817 1692 1856 nolit

531 1877 715 1923 mundus,
725 1890 841 1929 super
852 1875 980 1915 omnia
994 1876 1240 1916 benedictum
1248 1889 1323 1915 non
1331 1876 1475 1928 diligit,
1487 1877 1692 1916 anathema

531 1940 590 1979 sit.
646 1941 786 1979 Vestra
821 1947 966 1987 autem,
1001 1953 1092 1991 quae
1127 1939 1168 1977 in
1203 1940 1381 1991 partibus
1418 1940 1557 1979 nostris
1587 1948 1691 1989 sunt,

530 2001 662 2040 multis
681 2001 861 2054 periculis
879 2009 1141 2053 exponuntur.
1180 2001 1315 2041 Nostri
1333 2009 1510 2053 potentes
1528 2001 1690 2041 circum-

530 2077 689 2116 quaque
706 2064 748 2103 in
766 2063 880 2116 lupos
897 2063 1070 2103 conversi
1099 2073 1205 2112 sunt,
1225 2078 1324 2117 quos
1341 2064 1518 2117 improba
1543 2064 1688 2104 ventris

528 2126 609 2178 agit
637 2125 842 2178 ingluvies,
862 2133 905 2164 ut
918 2126 1012 2177 jura
1031 2133 1319 2179 potestatesque
1345 2134 1603 2166 contemnant.
1632 2127 1689 2166 Et

527 2187 599 2226 nisi
614 2187 794 2235 hominis,
812 2186 874 2226 cui
891 2186 1051 2226 domum
1066 2189 1323 2236 commisistis,
1340 2189 1535 2228 laboriosa
1551 2197 1589 2228 et
1607 2188 1688 2228 effi-

526 2263 598 2289 cax
613 2249 854 2288 subvenisset
874 2249 1078 2298 industria,
1091 2251 1175 2302 jam
1190 2251 1297 2289 nullo
1312 2259 1382 2289 aut
1396 2264 1485 2290 raro
1496 2250 1688 2289 coleretur

524 2311 754 2351 habitatore.
782 2310 946 2356 Qualem
975 2325 1067 2349 vero
1084 2312 1190 2351 illam
1208 2313 1413 2358 invenerit,
1431 2311 1507 2351 alia
1525 2312 1608 2351 vice
1626 2327 1688 2351 me

525 2373 633 2414 vobis
648 2373 842 2425 scripsisse
860 2373 1028 2420 memini,
1044 2382 1083 2413 et
1101 2387 1125 2412 a
1139 2374 1323 2412 memoria
1341 2381 1468 2413 vestra
1485 2387 1560 2412 non
1586 2373 1686 2413 arbi-

525 2445 606 2477 tror
624 2435 823 2475 excidisse.

579 2499 712 2546 Quum
740 2498 840 2537 enim
868 2498 962 2538 illuc
980 2499 1018 2537 in
1047 2499 1203 2552 propria
1231 2512 1393 2552 persona
1410 2499 1591 2538 accedere
1608 2512 1686 2538 non

525 2560 706 2608 valerem,
718 2560 942 2613 diligentem
958 2561 1007 2600 de
1019 2561 1237 2600 domesticis
1251 2561 1391 2600 nostris
1402 2561 1684 2614 exploratorem

526 2622 667 2669 direxi,
694 2630 733 2661 et
758 2623 890 2663 audita
908 2637 978 2675 per
1004 2637 1092 2662 eum
1121 2631 1247 2663 status
1274 2622 1538 2662 melioratione
1565 2623 1687 2661 mani-

527 2684 639 2731 festa,
659 2684 818 2735 gavisus
842 2699 937 2724 sum.
993 2685 1084 2723 Jam
1112 2685 1214 2724 enim
1240 2699 1301 2724 res
1327 2684 1485 2725 directae
1507 2692 1616 2724 erant
1644 2685 1683 2723 in

526 2745 631 2784 hunc
657 2745 879 2794 articulum,
909 2755 953 2787 ut
981 2747 1011 2786 si
1041 2748 1234 2786 Dominus
1260 2761 1394 2800 pacem
1413 2747 1536 2794 daret,
1564 2754 1603 2786 et
1629 2747 1686 2787 ibi

585 2820 673 2847 vm„
694 2820 739 2847 11.
1094 2821 1121 2849 U
