2401 3462
585 534 719 583 1168]
1059 546 1277 573 EPISTOLAE.
1665 538 1738 574 163

577 643 616 676 et
633 637 718 676 aliis
736 637 939 690 discipulis
960 637 1110 677 diutius
1128 638 1308 678 laborans
1337 638 1375 676 in
1395 638 1635 690 remigando,
1653 639 1737 690 jam

572 712 644 752 per
660 699 827 751 gratiam
847 701 923 739 Dei
948 701 1234 741 detumescente
1251 701 1417 753 procella
1442 701 1627 752 suffragio
1645 701 1736 739 fidei

572 762 851 809 convalescens,
871 763 1070 803 ambulare
1090 763 1245 803 videtur
1271 776 1387 815 super
1404 777 1531 815 aquas·
1544 770 1584 803 et
1602 764 1734 815 portui

571 824 897 877 appropinquare,
916 826 948 864 si
967 825 1001 864 ei
1019 839 1131 878 opem
1161 824 1381 871 contuleris,
1401 832 1441 863 et
1464 824 1576 877 quasi
1594 824 1633 863 in
1661 832 1736 864 ter-

570 898 654 924 ram
669 886 886 938 projectum
900 887 1219 940 apprehenderis:
1249 887 1398 933 funem,
1417 893 1461 926 ut
1475 900 1524 925 ex
1543 888 1736 926 conscien-

570 945 625 984 tia
643 945 795 999 loquar,
815 949 886 987 tibi
905 957 944 988 et
964 950 1043 988 tuis
1067 948 1219 988 utiliter
1237 948 1473 1001 providebis.
1529 948 1643 993 Quod
1664 962 1735 1000 per

572 1013 611 1046 te
628 1020 705 1046 non
730 1017 854 1061 potes,
874 1010 1022 1061 poteris
1048 1009 1210 1048 sortasse
1228 1022 1299 1061 per
1325 1008 1457 1053 alium,
1478 1016 1516 1047 et
1544 1009 1597 1047 sic
1621 1009 1735 1048 alieni

569 1070 698 1108 meriti
718 1070 790 1109 tibi
808 1070 1058 1123 reputabitur
1070 1084 1225 1109 merces.
1267 1070 1350 1108 Nec
1365 1077 1422 1108 est
1442 1076 1487 1108 ut
1502 1068 1534 1108 si
1549 1070 1734 1121 tepueris,

569 1131 691 1171 utaris
709 1132 867 1184 publica
891 1133 1153 1181 excusatione,
1172 1133 1416 1186 praetendens
1440 1139 1608 1171 metum:
1648 1143 1733 1171 tum

569 1196 663 1246 quia
676 1202 835 1234 auctore
848 1195 1017 1235 Domino
1030 1203 1233 1248 suspectus
1244 1209 1320 1234 non
1336 1195 1508 1234 haberis:
1539 1203 1623 1235 tum
1640 1196 1734 1247 quia

568 1256 636 1295 ubi
655 1256 826 1303 libuerit,
842 1257 992 1298 licitum
1012 1265 1071 1298 est
1088 1265 1128 1297 et
1147 1257 1258 1296 facile
1278 1265 1458 1310 sumptus
1475 1257 1572 1304 fieri,
1588 1257 1734 1310 quibus

568 1317 701 1358 nullus
727 1320 933 1360 insidiator
959 1323 1125 1361 assistat.
1181 1320 1222 1360 Si
1251 1320 1431 1360 voluntas
1458 1320 1628 1370 affuerit,
1656 1322 1733 1360 scio

569 1380 641 1419 tibi
659 1382 892 1423 industriam
919 1396 996 1422 non
1026 1385 1167 1423 deesse.
1223 1383 1306 1421 Nec
1333 1383 1407 1422 hoc
1435 1383 1613 1430 dixerim,
1634 1383 1731 1423 vivit

568 1443 777 1495 Dominus,
788 1454 832 1486 ut
852 1446 963 1497 mihi,
976 1447 1040 1485 cui
1058 1446 1186 1499 gratia
1200 1446 1277 1485 Dei
1296 1446 1488 1485 ministrat
1507 1446 1731 1493 necessaria,

567 1502 703 1544 faciam
743 1515 954 1559 quaestum,
986 1509 1055 1559 qui
1090 1508 1130 1546 in
1166 1508 1316 1546 ratione
1348 1508 1471 1547 debiti
1507 1516 1547 1548 et
1583 1508 1731 1561 accepti

564 1569 805 1608 nostratibus
835 1570 1009 1609 nondum
1042 1570 1340 1616 communicavi,
1373 1570 1439 1608 sed
1473 1577 1519 1609 ut
1550 1570 1730 1610 fraternae

564 1628 737 1670 caritatis
768 1631 944 1683 expleam
979 1644 1135 1670 munus.
1191 1632 1351 1670 Amicos
1382 1632 1483 1670 enim
1517 1632 1641 1671 colere
1672 1640 1730 1672 est

566 1689 698 1740 satius,
730 1706 848 1744 quam
885 1706 925 1731 se
960 1693 999 1731 in
1037 1692 1266 1732 servitutem
1302 1694 1469 1745 acceptis
1505 1694 1731 1734 muneribus

566 1749 751 1803 obligare.
808 1753 955 1793 valete.

564 1930 835 1969 EPISTOLA
870 1930 1138 1971 CCLX—An
1156 1943 1380 1970 ΗΕΝΒΙοῠΜ
1404 1943 1730 1973 wm‘roumlvsmff

857 2003 1099 2031 EPIScOPUM.
1156 1991 1212 2040 [A.
1233 2004 1271 2031 D.
1296 1995 1429 2041 1168]

844 2097 947 2136 Idem
964 2098 1147 2138 Henrico
1171 2100 1446 2140 Wintoniensi.

613 2183 867 2221 SANGTORUM
919 2181 1214 2221 necessitatibus
1263 2183 1548 2221 communicare
1597 2190 1726 2223 vestra

562 2243 850 2294 magnificentia
875 2244 1091 2293 consuevit,
1118 2250 1157 2283 et
1175 2243 1308 2283 oculos
1326 2244 1366 2283 in
1391 2258 1543 2284 omnem
1564 2253 1724 2284 ventum

558 2305 804 2358 providentia
817 2304 1076 2345 circumducit
1098 2312 1141 2343 ut
1162 2304 1414 2344 beneficentia
1433 2305 1574 2355 dignos
1591 2305 1725 2357 eligat,

558 2366 707 2406 reficiat
734 2367 960 2412 esurientes,
979 2373 1017 2404 et
1039 2365 1187 2406 Christi
1211 2378 1416 2417 pauperes,
1435 2373 1555 2418 prout
1580 2366 1725 2418 cuique

558 2430 741 2482 expedire
777 2428 1017 2482 cognoverit,
1053 2427 1283 2467 consoletur.
1351 2430 1441 2467 Non
1477 2427 1578 2467 enim
1615 2442 1722 2470 more

559 2499 794 2544 nugatorum
822 2491 941 2545 hujus
968 2490 1088 2531 seculi
1114 2492 1154 2530 in
1192 2490 1398 2531 histriones
1433 2498 1473 2530 et
1500 2493 1652 2539 mimos,
1681 2499 1721 2532 et

558 2554 782 2607 hujusmodi
800 2561 971 2593 monstra
989 2553 1189 2593 hominum
1203 2553 1255 2592 ob
1272 2553 1387 2593 famae
1400 2553 1720 2606 redemptionem,

558 2623 598 2654 et
629 2615 849 2655 dilationem
883 2615 1050 2655 nominis
1080 2616 1282 2656 effunditis
1315 2630 1409 2669 opes
1440 2624 1608 2656 vestras:
1652 2618 1719 2656 sed

555 2677 660 2729 apud
675 2691 739 2716 eos
758 2677 990 2729 prudentius
1003 2685 1042 2716 et
1062 2677 1256 2718 salubrius
1270 2677 1479 2727 collocatis,
1492 2681 1562 2731 qui
1581 2680 1720 2719 timent

555 2744 593 2776 et
612 2737 789 2778 invocant
809 2752 947 2778 nomen
967 2740 1141 2786 Domini,
1161 2741 1304 2779 amicos
1322 2739 1361 2778 in
1381 2747 1525 2779 aeterna
1544 2740 1720 2779 taberna-

1096 2813 1129 2839 M
1149 2804 1173 2838 2
