2401 3462
640 523 772 572 1168.]
1110 534 1328 562 EPiSTOLAE.
1724 525 1797 561 169

635 624 790 676 gladius
804 625 1010 665 columbae.
1048 626 1124 665 Sed
1140 626 1303 665 fortasse
1317 625 1422 664 dices
1435 625 1474 664 in
1487 626 1606 677 longa
1620 632 1796 676 tempora

634 686 750 725 homo
767 688 840 726 iste
858 686 1026 739 prophat
1046 696 1085 726 et
1115 701 1204 739 quae
1233 694 1344 738 optat
1373 686 1573 739 eloquitur
1599 686 1650 725 de
1678 685 1795 725 corde

634 762 721 797 suo,
737 762 813 788 non
833 749 882 788 de
903 750 1052 801 Spiritu
1081 750 1170 787 Dei.
1227 748 1288 788 Ad
1309 748 1414 801 quod
1443 763 1538 801 ego:
1579 749 1619 788 Si
1639 748 1797 788 menda-

631 811 734 850 cium
754 811 907 863 loquor‚
925 812 976 850 ab
994 811 1217 863 Apostoliea
1246 812 1335 851 sede
1364 810 1458 849 mihi
1476 810 1580 850 illius
1600 810 1795 850 immissus

632 880 690 911 est
708 873 884 924 spiritus,
904 873 973 925 qui
1003 873 1104 912 diem
1134 873 1373 926 praescripsit
1405 872 1562 911 ultionis
1590 879 1629 911 et
1658 886 1790 911 arcum
1838 924 1842 929 .

632 948 749 973 suum
771 935 854 985 jam
883 936 1048 975 tetendit
1072 943 1116 974 ut
1145 936 1291 974 leonem
1322 934 1477 986 dejiciat
1507 942 1546 973 et
1573 934 1791 973 draconem.

634 996 838 1036 Habemus
857 1005 985 1036 autem
1005 1005 1043 1036 et
1063 997 1269 1036 firmiorem
1290 1010 1396 1049 spem
1421 998 1462 1036 in
1482 995 1600 1034 verbo
1619 995 1793 1042 Domini,

630 1058 737 1110 quod
776 1073 853 1097 non
890 1058 1042 1110 impleri
1078 1072 1154 1097 non
1191 1066 1334 1112 potest,
1364 1058 1428 1096 cui
1463 1057 1700 1096 abominatio
1735 1065 1793 1096 est

630 1120 784 1171 pondus
802 1128 841 1159 et
861 1120 1027 1171 pondus,
1048 1134 1229 1159 mensura
1246 1129 1285 1160 et
1304 1131 1498 1167 mensurar,
1511 1127 1554 1158 ut
1576 1119 1623 1157 sit
1642 1133 1794 1158 necesse

631 1195 829 1234 quemque
864 1185 1105 1222 remunerari
1137 1196 1208 1234 pro
1239 1182 1389 1222 merito.
1456 1180 1688 1220 Fredericus
1722 1181 1794 1233 qui

630 1242 824 1293 praecessit
856 1243 896 1280 in
929 1242 1088 1281 crimine
1120 1243 1159 1280 in
1193 1243 1323 1282 labore
1353 1241 1539 1294 praecedit
1571 1250 1611 1281 et
1647 1241 1792 1291 dolore,

632 1303 777 1342 utinam
798 1317 874 1342 non
894 1304 933 1342 in
954 1304 1076 1343 ruina.

632 1492 899 1533 EPISTOLA
931 1495 1271 1534 CCLXHL—An
1291 1506 1536 1533 MAoisTnnM
1556 1506 1782 1534 RADULFUM

890 1566 1192 1594 LExovaSEM.
1253 1556 1358 1604 [Am.
1384 1556 1517 1603 1168.]

621 1650 751 1687 Amico
768 1655 806 1688 et
822 1652 922 1688 socio
940 1663 1011 1688 suo
1030 1653 1230 1689 carissimo
1249 1651 1446 1700 Magistro
1465 1653 1643 1701 Raduffo
1664 1647 1801 1691 Leoew'

675 1713 801 1749 viensi
835 1724 939 1749 suus
961 1713 1001 1749 J.
1032 1713 1198 1750 salutem
1230 1717 1268 1750 et
1299 1714 1469 1761 dirigere
1492 1714 1717 1761 prudenter
1741 1716 1787 1752 in

661 1773 818 1824 futura
832 1776 1090 1822 prospectum.

676 1856 815 1892 Fmrffl
848 1867 930 1892 esse
960 1853 1238 1905 sperandarum
1272 1867 1402 1893 rerum
1435 1855 1704 1905 substantiam,
1734 1858 1785 1896 ab

621 1916 811 1967 Apostolo
843 1915 1012 1953 didicisti
1042 1924 1081 1954 et
1111 1916 1161 1954 ab
1193 1930 1321 1954 errore
1353 1916 1570 1956 Gentilium
1602 1931 1676 1956 non
1708 1918 1786 1958 dis-

621 1992 779 2030 crepare
799 1985 961 2027 constat,
981 1980 1049 2029 qui
1071 1978 1277 2018 dumtaxat
1307 1979 1564 2031 praesentibus
1590 1979 1783 2021 innititur.

553 2083 556 2086 ⁴
622 2039 740 2078 Unde
758 2040 828 2092 qui
848 2040 911 2078 hic
932 2049 1083 2078 tantum
1100 2049 1297 2092 sperantes
1315 2049 1406 2081 sunt
1421 2042 1570 2094 aliquid
1585 2042 1634 2081 de
1650 2043 1783 2083 Chris-

619 2102 722 2141 tiano
738 2102 891 2140 nomine
904 2102 1127 2153 gloriantes,
1143 2104 1170 2141 J
1176 2103 1297 2143 udaeis
1312 2111 1350 2143 et
1368 2104 1552 2156 gentibus
1568 2105 1782 2145 miseriores

620 2172 720 2202 sunt.
789 2165 843 2202 Et
881 2172 919 2202 te
956 2165 1114 2217 quidem
1147 2179 1169 2203 a
1204 2165 1397 2205 consortio
1432 2180 1564 2206 eorum
1603 2174 1783 2220 separant

618 2240 737 2278 opera
768 2225 1053 2275 misericordiae,
1081 2241 1173 2279 quae
1200 2242 1269 2280 per
1301 2228 1416 2266 fidem
1449 2228 1489 2266 in
1520 2242 1588 2280 spe
1616 2229 1782 2268 retribu-

621 2288 736 2326 tionis
768 2295 912 2325 eternae
944 2296 1105 2339 propter
1137 2302 1304 2326 amorem
1339 2288 1498 2327 Domini
1530 2290 1651 2328 nostri
1683 2290 1781 2328 Jesu

618 2348 765 2388 Christi
784 2349 823 2387 in
849 2349 1021 2387 membra
1048 2349 1133 2400 ejus
1160 2362 1335 2387 exercere
1364 2363 1439 2387 non
1468 2350 1622 2389 desinis.
1679 2350 1780 2389 Nam

615 2411 876 2463 eleemosynas
896 2418 984 2450 tuas
1002 2418 1181 2449 enarrant
1202 2411 1371 2450 ecclesiae
1391 2419 1625 2458 sanctorum,
1640 2412 1781 2465 pupilli

613 2483 651 2513 et
669 2474 799 2512 viduae
814 2487 903 2511 cum
919 2473 1002 2511 aliis
1018 2473 1256 2524 pauperibus
1270 2480 1308 2512 et
1324 2473 1505 2513 desolatis
1520 2474 1556 2512 in
1573 2483 1780 2527 conspectu

617 2536 859 2587 Angelorum
888 2534 1138 2586 gratulantur
1166 2550 1205 2573 se
1224 2544 1302 2574 tuae
1322 2536 1573 2575 humanitatis
1590 2536 1725 2576 officiis
1742 2546 1782 2577 et

613 2597 808 2636 beneficiis
836 2597 1042 2636 sublevari.
1099 2597 1278 2636 Laetatus
1306 2611 1388 2637 sum
1419 2599 1457 2636 in
1487 2598 1630 2638 talibus
1657 2613 1782 2650 quum

610 2659 839 2697 referuntur
858 2659 975 2697 mihi:
1016 2667 1144 2698 certus
1166 2660 1259 2712 quia
1279 2660 1351 2699 hac
1372 2660 1433 2699 via
1453 2659 1532 2699 sine
1550 2661 1783 2701 offendiculo

614 2720 749 2774 pergis
763 2727 802 2759 et
817 2734 1001 2772 properas
1017 2721 1055 2759 in
1072 2720 1230 2769 domum
1248 2722 1419 2760 Domini.
1467 2722 1547 2760 Ubi
1563 2736 1780 2774 pauperum
