2401 3462
632 514 649 549 1
660 512 763 560 1812]
1101 523 1320 551 EPISTOLAE.
1713 514 1790 550 295

624 614 860 666 procedente
885 622 1074 667 tempore,
1092 615 1141 654 ad
1162 614 1424 655 venerabilem
1443 622 1594 667 patrem
1613 621 1788 654 nostrum

628 675 803 724 Petrum,
815 682 958 716 sauctae
975 676 1166 716 Romanae
1177 677 1352 716 ecclesiae
1365 676 1480 717 titulo
1495 680 1534 719 S.
1549 676 1790 730 Chrysogoni

624 739 877 787 cardinalem,
913 739 1135 791 apostolicae
1178 738 1279 779 sedis
1313 739 1502 790 legatum,
1538 739 1712 786 accessit,
1749 745 1790 777 et

628 801 798 852 praestita
811 802 999 854 juratoria
1018 801 1209 848 cautione,
1225 814 1265 840 se
1280 801 1329 840 de
1342 802 1493 853 injuriis
1510 808 1550 841 et
1567 801 1791 841 laesionibus

628 863 801 903 ecclesiae
832 869 1058 903 memoratae
1094 863 1391 911 satisfacturum,
1422 872 1614 916 praesente
1651 863 1790 903 illust-ri

632 926 846 978 Anglorum
861 940 952 979 rege
971 933 1012 966 et
1025 940 1095 978 pro
1113 940 1159 965 eo
1177 926 1458 975 intercedente,
1469 926 1613 967 meruit
1629 927 1790 974 absolvi,

630 988 761 1028 relicto
792 989 903 1028 nobis
939 988 1043 1042 quod
1079 989 1130 1028 de
1159 988 1250 1039 jure
1285 989 1456 1028 restabat
1483 989 1788 1042 exsequendum.

631 1050 781 1091 Citatus
792 1065 884 1091 vero
897 1064 1027 1091 comes
1040 1051 1225 1104 praestitae
1242 1065 1321 1090 non
1340 1053 1447 1091 stetit
1460 1052 1644 1101 cautioni,
1655 1052 1790 1093 dicens

629 1126 670 1152 se
689 1113 726 1152 in
745 1114 846 1153 hanc
864 1114 1029 1153 formam
1042 1128 1120 1153 non
1136 1113 1357 1166 praestitisse
1371 1114 1657 1167 juramentum:
1684 1115 1788 1154 unde

629 1182 671 1215 et
688 1176 886 1228 pristinam
906 1190 930 1216 a
947 1176 1060 1216 nobis
1074 1177 1256 1216 reductus
1274 1182 1332 1216 est
1349 1176 1390 1215 in
1408 1177 1655 1224 sententiam,
1670 1191 1789 1230 quam

626 1238 804 1279 dominus
822 1253 924 1292 papa
944 1239 1168 1279 Alexander
1188 1239 1266 1279 111.
1291 1239 1545 1280 confirmavit.
1592 1238 1786 1287 Tandem,

624 1314 747 1353 quum
774 1301 956 1340 dominus
982 1300 1200 1353 Anglorum
1229 1314 1296 1340 rex
1322 1300 1473 1340 doleret
1498 1301 1610 1341 illum
1637 1303 1788 1342 tamdiu

623 1364 1014 1403 excommunicationi
1038 1364 1253 1416 subjacere,
1273 1364 1420 1416 regiam
1445 1364 1589 1417 adjecit
1611 1378 1786 1413 manum,

623 1424 793 1465 eundem
820 1426 1059 1479 compellens
1077 1432 1120 1465 ut
1137 1425 1375 1466 exhibitione
1396 1427 1562 1479 justitiae
1585 1442 1627 1468 se
1651 1442 1676 1468 a
1699 1442 1788 1468 sen·

621 1486 744 1527 tentia
771 1487 1183 1528 excommunicationis
1208 1501 1288 1541 qua
1312 1490 1521 1529 tenebatur
1545 1490 1692 1530 faceret
1718 1492 1789 1531 ab·

621 1549 728 1589 solvi.
785 1551 868 1589 Nos
894 1557 1025 1589 autem
1052 1563 1184 1589 comes
1210 1551 1415 1602 poenitens,
1441 1560 1486 1591 ut
1503 1544 1721 1603 videbatur,
1746 1561 1788 1594 et

621 1610 736 1650 corde
764 1611 952 1651 contritus
973 1611 1082 1660 adiit,
1099 1624 1146 1651 ac
1172 1612 1223 1651 de
1250 1612 1400 1663 injuriis
1427 1613 1663 1655 satisfaciens
1680 1629 1785 1656 com-

615 1678 808 1725 petenter,
826 1672 877 1712 ad
894 1686 1032 1725 preces
1049 1673 1199 1712 domini
1218 1675 1318 1726 regis
1339 1675 1556 1727 Anglorum
1575 1686 1616 1717 et
1632 1678 1785 1718 abbatis

618 1741 659 1772 et
685 1734 848 1774 fratrum
875 1735 1050 1775 ecclesiae
1078 1736 1253 1788 praefatae
1279 1737 1478 1778 absolutus
1506 1746 1576 1786 est,
1595 1741 1786 1792 juratoria

618 1796 798 1836 cautione
825 1798 998 1849 praestita
1015 1811 1056 1837 se
1074 1811 1235 1838 manum
1256 1799 1431 1849 ulterius,
1450 1814 1523 1841 nec
1547 1803 1597 1841 ad
1616 1804 1783 1843 eandem

618 1858 836 1909 ecclesiam,
867 1873 941 1900 nec
977 1860 1028 1900 ad
1058 1861 1235 1901 homines
1266 1862 1328 1901 vel
1359 1864 1616 1916 possessiones
1649 1866 1784 1919 ipsius,

619 1929 885 1971 extensurum,
921 1922 995 1962 nisi
1030 1923 1179 1977 aliquid
1214 1924 1263 1964 de
1303 1925 1394 1977 jure
1429 1935 1558 1979 posset
1591 1928 1783 1970 evincere.

620 1983 736 2029 Quod
757 1991 801 2024 ut
818 1985 1032 2037 posteritati
1046 1993 1182 2026 notum
1201 1987 1327 2035 fieret,
1338 1995 1379 2027 et
1392 1989 1568 2029 ecclesiae
1579 1992 1783 2043 jamdictae

616 2046 900 2098 prospiceretur
935 2047 1198 2098 indemnitati,
1225 2055 1307 2088 tam
1343 2050 1475 2103 scripti
1510 2065 1628 2105 quam
1666 2054 1781 2106 sigilli

616 2107 736 2147 nostri
765 2108 986 2148 testimonio
1012 2110 1175 2150 fecimus
1204 2113 1448 2153 communiri.
1506 2116 1651 2155 Actum
1681 2118 1782 2170 pub-

611 2170 699 2220 lice,
718 2184 820 2211 anno
841 2172 991 2212 Gratiae
1015 2178 1124 2214 1180.
