2401 3462
540 518 672 566 1168]
1010 527 1228 555 Emsromz.
1628 519 1700 553 115

533 628 577 662 ut
594 628 780 661 terrerent
807 621 1007 659 dominum
1035 634 1190 672 papam,
1208 627 1247 659 et
1270 620 1504 658 inclinarent
1531 619 1580 658 ad
1607 619 1693 658 libi-

531 691 613 723 tum
633 683 769 722 suum?
809 683 911 721 Haec
929 683 969 721 in
989 683 1167 722 ecclesiae
1185 684 1375 721 Romanae
1394 682 1611 721 scribentur
1629 694 1681 719 an

533 747 700 785 nalibus.
755 746 813 784 Et
831 752 946 793 certe,
968 746 1055 784 Deo
1074 746 1322 796 propitiante,
1341 745 1408 796 qui
1427 745 1600 783 scribant
1617 757 1698 782 non

534 809 710 855 deerunt,
730 808 836 858 quod
855 808 906 846 ad
930 808 1158 858 petitionem
1177 815 1216 847 et
1235 807 1577 847 comminationem
1595 806 1699 857 regis

536 871 704 921 Angliae,
732 870 843 922 cujus
871 871 1137 910 intolerabiles
1167 884 1355 910 excessus
1383 876 1493 908 tanto
1524 876 1700 918 tempore

536 932 783 981 sustinuerat,
804 946 1024 983 praeconem
1043 933 1226 979 veritatis,
1244 932 1432 970 libertatis
1457 937 1699 974 assertorem,

536 994 831 1045 praedicatorem
852 995 1017 1045 justitiae
1049 1008 1120 1045 pro
1150 1008 1288 1033 caussa
1320 994 1495 1039 Domini,
1522 1005 1612 1031 cum
1640 991 1697 1029 in-

537 1056 649 1094 finita
669 1057 918 1095 multitudine
943 1057 1196 1095 innocentum
1217 1057 1301 1107 jam
1328 1053 1585 1107 quadriennio
1603 1064 1700 1091 exu-

536 1120 695 1164 lantem,
715 1120 894 1168 neglecto
912 1118 1075 1157 rationis
1099 1125 1138 1157 et
1154 1120 1255 1170 juris
1279 1118 1428 1161 ordine,
1448 1117 1556 1155 velut
1574 1115 1701 1154 crimi-

538 1194 677 1220 nosum
710 1181 828 1219 officii
863 1181 924 1219 sui
953 1188 1143 1232 potestate
1178 1181 1354 1233 privavit.
1418 1180 1511 1218 Non
1544 1175 1703 1229 quidem

540 1243 632 1294 quia
658 1244 715 1281 illi
745 1250 979 1290 meruerunt,
1008 1243 1077 1282 sed
1105 1243 1197 1294 quia
1224 1243 1370 1294 placuit
1396 1242 1595 1293 Tyranno.
1649 1240 1704 1278 Et

541 1311 668 1344 tamen
699 1305 927 1356 patentibus
958 1306 1093 1353 literis,
1120 1319 1208 1357 quae
1240 1304 1345 1356 apud
1371 1317 1443 1342 nos
1474 1309 1576 1348 sunt,
1607 1315 1700 1340 con-

540 1375 723 1416 cesserat,
751 1375 793 1406 ut
820 1368 938 1406 officii
965 1368 1025 1407 sui
1050 1374 1240 1419 potestate
1267 1368 1387 1419 pleno
1407 1367 1497 1417 jure
1522 1372 1701 1405 uteretur.

540 1430 588 1468 In
607 1431 751 1480 quibus
777 1430 852 1468 hoc
880 1430 1086 1481 expressit,
1106 1429 1212 1481 quod
1237 1429 1377 1479 Ipsum
1402 1441 1531 1478 reqem
1549 1439 1704 1466 ert-com-

542 1492 793 1540 munic—andi,
820 1505 891 1531 nec
922 1493 1162 1531 mandatum
1194 1491 1332 1539 dabat,
1363 1504 1435 1529 nec
1462 1489 1705 1540 prohibebat.

543 1553 656 1592 Deus
684 1554 804 1600 bone,
832 1554 928 1605 quid
961 1554 1146 1593 novitatis
1179 1552 1350 1591 accidit?
1399 1552 1511 1591 Dicit
1539 1552 1707 1602 Spiritus

543 1614 712 1653 Sanctus
740 1616 781 1652 in
808 1616 895 1665 lege
923 1629 1015 1654 sua:
1057 1616 1212 1663 clama,
1244 1628 1294 1652 ne
1323 1628 1454 1653 cesses.
1509 1614 1564 1651 Et
1596 1626 1706 1655 ecce,

544 1677 678 1715 nescio
697 1677 765 1727 qui
792 1676 959 1726 Spiritus
988 1678 1037 1715 ab
1063 1678 1157 1714 urbe
1184 1677 1225 1714 in
1254 1677 1388 1714 orbem
1407 1676 1545 1714 exiens
1568 1673 1710 1725 praedi-

547 1737 744 1775 catoribus
781 1737 901 1775 dicit:
946 1738 1062 1785 Tace,
1096 1750 1145 1775 ue
1180 1738 1337 1774 clames.
1399 1737 1581 1786 Praecipit
1616 1749 1711 1786 apo-

547 1798 684 1844 stolus,
704 1797 934 1848 episcopum
955 1798 1179 1835 instituens:
1209 1797 1483 1836 Ministerium
1504 1803 1618 1836 tuum
1634 1799 1709 1836 im-

542 1861 623 1910 ple.
685 1859 740 1897 Et
771 1872 865 1898 ecce
894 1859 1132 1911 apostolicus
1159 1859 1363 1910 praecipit:
1412 1859 1466 1897 Ab
1498 1858 1619 1911 officii
1650 1862 1713 1899 tui

547 1922 771 1960 ministerio
801 1921 954 1959 desiste.
1014 1921 1094 1960 Sed
1120 1922 1217 1961 forte
1249 1922 1479 1973 suspicatur,
1507 1922 1614 1972 quod
1640 1922 1711 1960 ho-

547 1982 692 2021 minem
707 1982 858 2034 possint
874 1996 946 2034 per
962 1984 1191 2034 patientiam
1210 1984 1395 2023 emollire.
1433 1984 1514 2022 Sed
1531 1985 1712 2035 nunquid

552 2045 629 2084 hoc
656 2052 845 2097 expertus
872 2052 932 2084 est
958 2045 999 2084 in
1027 2046 1215 2097 episcopo
1235 2047 1520 2092 cantuariensi,
1541 2047 1609 2098 qui
1628 2047 1714 2098 jam

549 2106 627 2144 sere
664 2105 924 2157 quadriennio
960 2106 1054 2144 sede
1092 2119 1164 2145 sua
1198 2108 1384 2158 privatus,
1415 2114 1453 2146 et
1487 2108 1715 2160 apostolicae

552 2168 656 2207 sedis
683 2168 965 2216 remissionem,
982 2176 1021 2207 et
1048 2169 1154 2207 illius
1180 2170 1424 2220 tyrannidem
1448 2171 1566 2209 sentit
1590 2184 1714 2221 expo-

550 2229 646 2269 situs
673 2229 824 2268 ventis?
872 2230 1080 2269 Provideat
1112 2244 1246 2282 quaeso
1280 2231 1463 2270 dominus
1490 2244 1595 2283 papa
1622 2245 1715 2270 con·

550 2293 726 2332 scientiae
754 2306 848 2341 suae,
865 2293 1070 2343 provideat
1094 2301 1133 2332 et
1150 2294 1275 2341 famae,
1300 2301 1339 2332 et
1361 2294 1514 2341 honori,
1538 2299 1576 2332 et
1602 2294 1718 2332 saluti

553 2355 745 2394 ecclesiae.
810 2355 866 2393 Et
896 2367 965 2392 vos
1000 2347 1160 2393 haec'ei
1197 2356 1422 2405 diligentius
1457 2356 1647 2400 intimate,
1680 2362 1721 2394 et

552 2417 785 2469 persuadete
831 2417 1002 2456 dominis
1049 2418 1335 2457 cardinalibus:
1382 2425 1427 2457 ut
1474 2418 1721 2458 meminerint

552 2479 699 2518 Judicii
719 2479 811 2526 Dei,
831 2477 938 2530 quod
957 2479 1108 2530 jugiter
1131 2480 1345 2530 implorant
1365 2493 1555 2532 pauperes
1575 2480 1719 2520 Christi

557 2547 692 2579 eontra
710 2554 847 2580 omnes
863 2541 1051 2579 libertatis
1071 2542 1247 2581 ecclesiae
1265 2542 1460 2582 inimicos.

1114 2787 1174 2820 12
