2401 3462
537 521 550 556 1
564 519 669 568 168.]
1007 529 1222 556 Ems'rOLAE.
1618 522 1691 558 155

563 694 834 733 EPISTOLA
865 694 1139 733 const—AD
1160 705 1372 733 RICARDUM
1393 705 1578 733 emonem
1601 706 1652 732 nn

861 767 1049 794 novomA.
1110 756 1214 804 [mn.
1240 757 1370 805 1168]

752 851 863 889 Idem
882 850 1058 889 Ricardo
1076 851 1211 889 Priori
1228 850 1276 889 de
1294 850 1470 889 Dovura.

583 921 737 957 FACIEs
755 916 842 956 coeli
863 925 1062 955 serenatur
1080 917 1130 955 ab
1153 917 1316 965 oriente,
1333 925 1451 970 caput
1479 917 1695 956 schismatis

528 981 567 1019 in
596 978 780 1032 aquilone
807 978 1038 1024 conteritur,
1058 978 1092 1016 ei
1120 978 1295 1016 membra
1314 978 1538 1028 languentia
1563 986 1696 1017 conta.-

529 1043 706 1088 bescunt‚
727 1040 859 1078 dolent
879 1039 1012 1085 latera,
1033 1053 1245 1091 squammae
1268 1039 1485 1087 solvuntur,
1506 1047 1548 1078 ut
1577 1040 1695 1091 spira-

531 1103 663 1142 culum
684 1116 754 1155 per
773 1115 837 1140 eas
864 1101 988 1154 possit
1007 1101 1195 1141 incedere.
1253 1103 1307 1141 Et
1330 1102 1414 1154 jam
1432 1102 1471 1140 in
1499 1101 1698 1142 occidente

531 1178 621 1202 suos
649 1163 816 1216 justitiae
846 1162 902 1201 sol
931 1161 1060 1201 radios
1088 1163 1237 1202 vibrat:
1278 1163 1382 1202 unde
1410 1164 1451 1202 in
1483 1163 1589 1202 brevi
1619 1177 1697 1216 pax

531 1226 700 1264 ccclesiae
720 1233 897 1277 speratur
915 1223 1100 1272 affutura,
1120 1231 1165 1263 ut
1184 1225 1376 1275 possimus
1394 1225 1527 1264 amicis
1549 1226 1697 1264 solvere

529 1287 744 1339 gratiarum
764 1285 916 1324 debitas
933 1286 1113 1324 actiones.
1168 1288 1222 1325 Et
1244 1287 1402 1339 quidem
1424 1286 1562 1334 (amice
1580 1286 1698 1325 dilec-

530 1349 688 1399 tissime)
708 1362 782 1400 ego
801 1361 862 1386 me
881 1347 953 1386 tibi
972 1347 1157 1398 profiteor
1183 1347 1397 1387 debitorem
1418 1348 1466 1387 ad
1487 1356 1599 1387 tuum
1629 1348 1698 1387 ubi

531 1418 569 1449 et
589 1410 747 1463 quando
772 1416 908 1461 potero
926 1416 1133 1461 promptus
1150 1409 1395 1461 obsequium.
1451 1411 1561 1462 Ergo
1588 1410 1619 1449 si
1638 1424 1699 1449 res

531 1486 580 1510 ex
599 1471 831 1511 liberalitate
848 1470 1003 1510 videtur
1022 1471 1168 1515 abesse,
1186 1471 1258 1510 tibi
1273 1486 1322 1511 ex
1339 1486 1384 1510 ea
1398 1486 1551 1512 servum
1567 1472 1700 1513 adesse

534 1534 765 1582 memineris,
792 1533 993 1572 obtinente
1025 1547 1071 1572 eo
1103 1534 1208 1586 quod
1238 1535 1469 1586 regulariter
1495 1535 1698 1588 proditum

531 1604 602 1645 est,
622 1598 717 1648 quia
741 1595 968 1635 beneficium
996 1595 1170 1647 accipere
1197 1603 1255 1635 est
1276 1596 1441 1635 vendere
1468 1596 1700 1636 libertatem.

534 1658 610 1696 Sed
635 1657 733 1710 quid
753 1656 842 1695 dico
861 1656 1110 1707 singulariter
1129 1671 1299 1702 servum,
1317 1672 1438 1709 quum
1458 1672 1520 1696 me
1538 1666 1577 1698 et
1596 1672 1701 1697 meos

534 1721 604 1771 qui
632 1720 866 1758 intermeant
897 1717 969 1755 hoc
998 1718 1088 1769 jure
1117 1725 1247 1757 teneas
1274 1718 1498 1770 obligatos?
1543 1722 1700 1759 Horum

535 1780 752 1819 meminisse
784 1778 955 1831 juvabit,
984 1792 1107 1830 quum
1137 1778 1203 1818 ille
1232 1788 1391 1819 auctore
1419 1783 1507 1820 Deo
1543 1781 1702 1821 evicerit

533 1842 703 1881 ecclesiae
739 1841 982 1880 libertatern:
1029 1841 1099 1893 qui
1137 1856 1240 1881 nunc
1281 1842 1402 1895 (quod
1442 1850 1573 1883 nostra
1612 1851 1698 1882 tum

535 1913 726 1957 perpetua
753 1902 966 1955 ignominia
993 1905 1070 1954 est)
1100 1903 1271 1942 torcular
1298 1903 1403 1944 solus
1429 1905 1565 1953 calcat,
1587 1913 1626 1945 et
1653 1904 1703 1944 de

535 1974 652 2018 gente
684 1979 767 2010 sua,
797 1965 957 2004 ecclesia
989 1965 1133 2005 scilicet
1164 1966 1397 2019 Anglicana,
1424 1968 1603 2007 comitem
1636 1967 1700 2007 vix

536 2030 696 2068 invenit.

534 2256 802 2295 EPISTOLA
839 2258 1137 2296 CCLlll.—AD
1164 2268 1392 2296 ROBERTUM
1419 2269 1704 2299 VIOE-ARCHID.

851 2329 1054 2357 CANTUAR.
1113 2318 1220 2367 [Am.
1244 2320 1379 2368 1168]

697 2415 807 2454 Idem
826 2416 993 2455 Roberto
1010 2415 1267 2454 vice-Archia.
1290 2414 1486 2454 cantuar.

588 2486 837 2522 Docnssnu
858 2482 931 2521 viri
952 2483 1142 2522 sententia
1161 2489 1219 2521 est
1238 2482 1357 2521 verba
1375 2481 1599 2536 accipienda
1622 2496 1704 2525 esse

539 2559 587 2584 ex
615 2559 727 2584 sensu
756 2558 804 2583 ex
833 2558 914 2596 quo
939 2544 1054 2590 fiunt,
1074 2557 1151 2582 non
1178 2557 1225 2581 ex
1255 2557 1368 2582 sensu
1397 2558 1512 2596 quem
1534 2545 1704 2587 faciunt:

541 2621 657 2658 quam
678 2607 710 2645 si
729 2616 921 2658 sequutus
939 2605 1076 2653 fueris,
1096 2619 1180 2645 mea
1199 2605 1515 2658 interpretaberis
1541 2621 1592 2647 ex
1610 2608 1707 2647 cari-

542 2676 633 2707 tate.
689 2667 790 2716 Quia
816 2667 848 2707 si
876 2667 1072 2720 loquendo
1090 2667 1275 2718 insipiens
1292 2667 1420 2707 faetus
1446 2681 1547 2716 sum,
1565 2670 1706 2710 caritas

542 2743 602 2768 me
620 2730 760 2782 coegit·
797 2732 1006 2770 Potueram
1026 2730 1129 2770 enim
1148 2729 1258 2769 silere
1273 2730 1343 2782 qui
1359 2742 1436 2769 non
1451 2731 1706 2771 conveniebar
