2401 3462
503 530 636 582 11⁷3.]
990 543 1205 571 EPISTOLAE.
1585 535 1663 571 277

493 643 638 675 vestrae
650 636 834 688 perficere
845 634 954 688 quod
965 649 1036 687 per
1050 649 1118 673 vos
1137 642 1217 674 tam
1228 634 1476 675 laudabiliter
1489 643 1662 687 coeptum

497 705 569 744 est,
589 705 627 736 et
646 697 852 749 providere
872 710 951 749 quo
968 696 1085 735 modo
1096 698 1323 736 maturitate
1342 696 1519 735 adhibita
1536 698 1659 748 possit

498 768 658 812 accepta
675 759 918 811 plenitudine
944 758 1161 810 potestatis,
1189 758 1332 797 divinae
1356 757 1567 797 vocationis
1594 757 1665 796 im-

497 821 604 874 plere
633 835 786 859 munus.
817 821 906 860 Erit
926 823 1043 867 enim,
1071 820 1310 873 propitiante
1331 821 1430 869 Deo,
1447 820 1666 859 firmissima

497 884 678 923 columna
705 884 743 922 in
762 883 879 922 domo
906 883 1081 930 Domini,
1109 891 1148 922 et
1167 891 1245 922 tam
1266 883 1436 935 propriae
1461 895 1578 935 quam
1598 881 1666 919 ali-

498 959 608 984 arum
628 945 876 984 ecclesiarum
896 944 1143 984 necessitates
1162 944 1371 983 fortissime
1391 943 1610 985 sustinebit.

498 1103 771 1142 EPISTOLA
801 1103 1130 1141 cccxlv-AD
1149 1112 1414 1140 HUMBALDUM
1435 1113 1662 1140 os'rmNSEM

803 1175 1042 1203 EPISOOPUM.
1102 1163 1208 1212 [Am.
1232 1164 1363 1212 1173.]

510 1235 729 1274 Venerabili
742 1235 914 1274 Domino
931 1239 970 1274 et
988 1237 1107 1274 Patri
1119 1236 1322 1274 carissimo
1338 1236 1422 1274 Ha.
1437 1235 1517 1274 Dei
1526 1238 1666 1285 gratia

555 1298 726 1336 Ostiensi
743 1298 939 1347 Episcopo
950 1298 991 1335 J.
1011 1298 1058 1335 de
1074 1298 1169 1337 Sar.
1188 1297 1353 1335 salutem
1372 1301 1410 1335 et
1416 1297 1547 1346 plenae
1558 1297 1667 1335 devo-

551 1360 669 1397 tionis
687 1360 883 1409 obsequia.

553 1431 757 1470 VERERER
776 1438 924 1470 tantam
940 1429 1092 1482 alloqui
1101 1431 1357 1483 majestatem,
1369 1430 1443 1470 nisi
1458 1445 1519 1470 me
1538 1439 1667 1471 vestra

497 1492 717 1544 benignitas
730 1492 930 1540 relevaret,
943 1500 980 1531 et
997 1495 1185 1531 animaret
1197 1493 1248 1531 ad
1261 1493 1425 1532 verbum
1448 1492 1551 1532 illius
1563 1507 1666 1532 verae

505 1554 677 1594 caritatis
696 1554 914 1594 recordatio
932 1568 1051 1606 quam
1070 1567 1153 1606 prae
1172 1555 1321 1592 caeteris
1339 1554 1420 1592 fere
1438 1555 1669 1594 mortalibus

503 1616 553 1655 ad
572 1625 750 1655 sanctum
770 1624 865 1654 tunc
883 1615 1153 1662 confessorem,
1170 1628 1274 1653 nunc
1290 1614 1501 1666 gloriosum
1523 1623 1668 1666 marty-

501 1692 580 1718 rem
600 1677 806 1726 habuistis,
825 1676 887 1715 cui
910 1691 969 1715 me
987 1690 1060 1729 pro
1079 1676 1258 1715 libertate
1276 1676 1446 1716 ecclesiae
1463 1679 1668 1715 coexulare

501 1740 636 1778 divina
671 1738 763 1777 fecit
800 1738 1075 1778 misericordia.
1156 1741 1245 1778 Hac
1280 1738 1426 1785 fiducia
1461 1738 1668 1777 roboratus

501 1801 629 1841 audeo
653 1799 850 1840 sanctitati
876 1809 1016 1840 vestrae
1035 1799 1223 1841 attentius
1247 1799 1515 1839 commendare
1539 1801 1665 1839 virum

500 1861 762 1915 proculdubio
790 1861 1133 1901 commendabilem
1162 1861 1250 1901 Ric.
1278 1862 1453 1901 Winton.
1484 1861 1665 1906 electum,

501 1926 618 1977 cujus
642 1924 849 1964 facultates
876 1932 966 1963 sunt
992 1938 1198 1977 egenorum
1214 1924 1399 1974 subsidia,
1418 1924 1668 1964 ecclesiarum

501 1986 725 2026 consolatio.
781 1988 909 2040 Cujus
940 1994 1112 2040 potestas
1146 1987 1365 2040 iniquitatis
1400 1986 1672 2026 exterminatio

501 2057 573 2098 est,
591 2056 630 2089 et
643 2049 810 2102 justitiae
828 2050 1127 2089 firmamentum.
1184 2050 1226 2089 Is
1240 2057 1349 2089 tanta
1361 2049 1562 2089 affectione
1576 2050 1672 2088 ami-

501 2124 592 2150 cum
610 2119 781 2151 vestrum
801 2111 1013 2163 gloriosum
1041 2119 1253 2165 martyrem
1281 2112 1431 2153 Christi
1454 2111 1598 2164 diligit,
1624 2119 1669 2150 ut

502 2187 543 2212 se
560 2171 664 2212 illius
682 2172 925 2212 constituerit
945 2186 1115 2220 servum,
1135 2181 1181 2212 ut
1199 2172 1376 2212 alumnos
1394 2173 1465 2225 qui
1484 2173 1598 2213 multi
1617 2173 1670 2212 ad

502 2248 593 2273 eum
605 2233 808 2273 confluunt
823 2234 862 2273 in
878 2236 958 2273 suis
971 2235 1269 2274 necessitatibus
1282 2235 1517 2281 consoletur,
1527 2242 1566 2273 et
1577 2248 1668 2273 eum

502 2310 575 2349 pro
593 2296 743 2335 viribus
762 2295 917 2334 studeat
930 2295 1086 2335 imitari.
1145 2294 1370 2334 Sanctitatis
1383 2295 1517 2346 itaque
1531 2301 1668 2334 vestrae

500 2358 670 2411 pedibus
694 2359 924 2410 provolutus
952 2347 1039 2395 meo
1065 2364 1103 2396 et
1131 2370 1266 2396 eorum
1295 2357 1365 2409 qui
1391 2356 1503 2395 nobis
1529 2370 1670 2396 coexu-

501 2419 682 2458 laverunt
713 2420 868 2458 nomine
895 2432 1032 2471 precor
1064 2417 1266 2466 attentius,
1299 2417 1485 2470 quatinus
1514 2419 1671 2470 negotia

503 2483 588 2535 ejus
607 2482 661 2521 sic
684 2481 813 2533 gratia
839 2490 968 2521 vestra
991 2490 1232 2534 promoveat,
1254 2495 1298 2521 ac
1317 2482 1348 2520 si
1373 2495 1461 2521 eum
1488 2481 1671 2522 videretis

505 2543 626 2582 sancti
664 2542 830 2582 Thomae
866 2543 1032 2593 negotiis
1068 2542 1327 2582 insudantem.
1382 2544 1485 2581 Nam
1521 2551 1561 2582 et
1587 2543 1670 2597 ipse

503 2618 575 2643 sua
605 2605 747 2653 omnia,
773 2604 892 2643 immo
910 2614 949 2644 et
975 2618 1014 2642 se
1031 2603 1173 2656 ipsum,
1197 2603 1471 2656 gloriosissimo
1495 2598 1668 2657 martyri,

504 2679 620 2717 quem
658 2674 865 2718 patronum
895 2665 1107 2718 praeelegit‚
1136 2674 1264 2705 mente
1300 2666 1547 2706 devotissime
1582 2681 1672 2706 con-

504 2736 681 2767 secravit.
