2401 3462
626 530 756 578 1176]
1093 538 1313 566 EPISTOLAE.
1709 527 1782 563 291

616 685 892 725 EPISTOLA
920 686 1432 726 CCCXX111.-1,m>ovxc1
1459 694 1579 721 REGIS
1595 694 1646 721 An
1664 693 1782 721 JOAN-
1834 734 1840 738 ·

669 759 760 786 NEM
792 760 955 787 SARESB.
986 759 1288 787 CARNOTENSEM
1317 757 1544 786 EPISCOPUM
1574 756 1780 784 ELECTUM.

676 809 730 858 [Α.
751 822 789 848 D.
813 811 944 860 1176.]

619 913 852 963 Ludovicus,
863 917 940 955 Dei
946 917 1083 966 gratia
1095 928 1169 954 rea:
1178 915 1439 963 Francorum,
1447 916 1569 953 amico
1576 915 1778 953 &uacario-

669 977 776 1025 simo,
807 980 993 1028 magistro
1020 978 1174 1017 Joanm‘
1203 978 1250 1017 de
1277 978 1516 1022 saresberia,
1547 977 1783 1016 C'amotensi

669 1031 798 1087 electo,
816 1041 985 1079 salutem
1003 1052 1092 1078 cum
1109 1041 1256 1078 sincera
1275 1040 1487 1078 dilectione.

671 1128 794 1175 QUOD
829 1129 1044 1183 capitulum
1083 1131 1323 1170 Carnotense
1354 1129 1405 1168 de
1436 1128 1596 1168 consilio
1630 1126 1780 1167 domini

620 1193 853 1233 Senonensis
874 1194 1165 1247 archiepiscopi,
1189 1193 1412 1246 apostolicae
1440 1192 1542 1233 sedis
1565 1191 1697 1244 legati,
1721 1191 1781 1230 di-

617 1253 707 1293 vino
726 1257 864 1307 potine,
885 1263 929 1296 ut
954 1256 1159 1305 credimus,
1177 1256 1362 1295 instinctu
1386 1269 1452 1295 vos
1470 1254 1510 1294 in
1529 1261 1723 1307 pastorem
1741 1260 1783 1293 et

617 1315 834 1368 dominum,
851 1319 933 1371 pari
954 1326 1042 1358 voto
1060 1326 1102 1358 et
1118 1332 1289 1368 assensu,
1306 1317 1518 1357 solenniter
1535 1324 1577 1356 et
1595 1317 1781 1356 canonice

612 1380 827 1432 elegerunt,
846 1389 1001 1433 gratum
1028 1382 1208 1421 ducimus
1232 1389 1271 1421 et
1300 1388 1526 1433 acceptum3
1562 1386 1646 1420 tum
1675 1379 1782 1419 beati

615 1443 782 1483 Thomae
800 1445 979 1498 martyris
997 1444 1318 1494 consideratione,
1336 1445 1397 1497 cuj
1405 1458 1446 1484 us
1473 1442 1777 1484 familiaritatem

612 1506 761 1546 meritis
779 1506 914 1547 vestris
927 1508 1122 1547 meruistis
1140 1507 1313 1559 adipisci,
1330 1514 1416 1546 tum
1430 1519 1584 1545 morum
1599 1512 1639 1545 et
1656 1505 1782 1544 scien-

617 1568 683 1607 tiae
701 1576 840 1608 vestrae
864 1569 1204 1622 contemplatione.
1261 1569 1479 1620 Eapropter
1505 1567 1779 1606 discretionem

614 1637 780 1670 vestram
813 1645 1020 1671 monemus
1050 1639 1091 1671 et
1122 1645 1327 1684 precamur
1357 1630 1557 1678 attentius,
1584 1629 1780 1682 quatinus,

616 1692 797 1732 electioni
821 1693 871 1732 de
897 1693 1006 1733 vobis
1027 1694 1142 1732 factae
1166 1693 1381 1744 benignum
1406 1692 1627 1744 praebentes
1650 1705 1782 1731 assen-

618 1768 718 1804 sum,
749 1762 829 1795 tam
867 1756 1017 1795 solenni
1048 1763 1088 1796 et
1120 1765 1198 1796 tam
1231 1754 1419 1795 laudabili
1455 1761 1576 1794 tantae
1607 1754 1783 1794 ecclesiae

618 1817 809 1857 vocationi
845 1819 1064 1870 praesentiae
1109 1826 1246 1859 vestrae
1281 1817 1521 1857 exhibitione
1563 1817 1782 1857 satisfacere

618 1880 834 1930 maturetis,
864 1894 914 1920 ne
945 1888 1121 1921 nostrum
1149 1889 1190 1920 et
1219 1880 1497 1933 archiepiscopi
1532 1880 1781 1929 Senonensis,

617 1943 686 1995 qui
718 1943 769 1982 ad
800 1943 873 1983 hoc
908 1944 1077 1983 fideliter
1112 1951 1153 1984 et
1188 1944 1395 1984 efficaciter
1431 1943 1782 1983 consummandum

617 2004 818 2053 laboravit,
837 2005 984 2045 diutius
1001 2007 1260 2059 suspendatur
1281 2005 1531 2053 desiderium,
1551 2012 1592 2045 et
1609 2019 1697 2057 spes
1721 2019 1783 2045 ec-

618 2066 747 2107 clesiae
762 2068 1012 2109 Carnotensis
1024 2082 1133 2109 mora
1147 2069 1343 2122 prolixiori
1357 2074 1594 2120 torqueatur.
1631 2069 1781 2108 Valete.

618 2246 884 2285 EPISTOLA
915 2247 1419 2286 CCCXXIV.—0AP1TUL1
1434 2259 1709 2287 CARNOTENSIS
1728 2258 1781 2284 AD

941 2320 1126 2346 EUNDEM.
1186 2309 1292 2354 [A.n.
1319 2310 1452 2358 1176.]

624 2415 838 2454 Venerabili
864 2415 1020 2453 domino
1047 2427 1119 2453 suo
1147 2419 1184 2453 et
1208 2417 1332 2464 patri,
1358 2417 1512 2454 Joanni
1542 2416 1621 2454 Dei
1647 2417 1783 2465 gratia

672 2478 905 2517 Gamotensi
940 2478 1067 2524 electo,
1092 2477 1305 2526 pastorali-9
1339 2490 1443 2516 curce
1480 2479 1782 2516 sollicitudinem

667 2551 803 2588 yerere
820 2537 875 2575 ad
889 2539 1069 2576 salutem.

672 2614 793 2659 Quen
812 2621 947 2653 natum
967 2620 1025 2653 est
1043 2627 1092 2652 ex
1106 2627 1235 2660 carne,
1254 2627 1343 2653 caro
1361 2619 1441 2660 est;
1469 2619 1509 2652 et
1522 2611 1625 2666 quod
1645 2618 1781 2651 natum

620 2682 678 2715 est
696 2690 744 2715 ex
761 2676 911 2728 spiritu,
930 2676 1086 2729 spiritus
1104 2684 1174 2716 est.
1232 2676 1339 2715 Hinc
1357 2685 1417 2715 est
1435 2676 1539 2729 quod
1559 2674 1782 2726 magnificat

617 2738 746 2778 anima
774 2745 903 2779 nostra
941 2739 1171 2789 Dominum,
1199 2745 1241 2778 et
1268 2738 1307 2777 in
1339 2738 1426 2778 Deo
1467 2737 1623 2789 spiritus
1651 2742 1783 2776 noster

1160 2814 1186 2841 U
1205 2805 1229 2840 2
