2401 3462
628 512 646 547 1
655 512 727 547 167
732 508 761 559 .]
1093 518 1312 549 EPISOTLAE.
1739 512 1790 546 95

623 658 896 698 EPISTOLA
926 658 1353 698 ccxxx—somam
1372 668 1598 697 SARRAOENI
1617 669 1671 697 AD
1690 669 1788 696 MAG.

878 732 988 759 som.
1009 732 1228 759 SARESBER.
1271 720 1378 769 [A.n.
1401 721 1533 771 1167.]

678 817 786 856 Pos'r
815 816 1110 855 translationem
1129 818 1329 867 Angelicae
1358 818 1602 857 Hierarchiae
1624 820 1789 858 transla-

621 879 771 918 tionem
795 879 1088 918 Ecclesiasticae
1120 878 1266 927 distuli,
1284 878 1379 931 quia*
1406 893 1522 932 super
1552 893 1600 919 ea
1628 882 1788 920 transfe-

620 941 744 980 renda
768 947 931 981 vestram
957 940 1196 980 voluntatem
1222 942 1406 992 ignoravi.
1461 943 1635 981 Verebar
1658 949 1788 982 autem

620 1018 671 1043 ne
697 1003 849 1043 viderer
874 1010 914 1042 et
941 1016 1113 1042 meorum
1140 1005 1285 1043 nimius
1312 1005 1562 1055 approbator,
1590 1010 1629 1042 et
1656 1011 1791 1044 contra

623 1066 872 1105 Salomonem
889 1066 1070 1104 liminum
1096 1066 1212 1105 amici
1237 1067 1316 1105 mei
1334 1066 1493 1105 odiosus
1510 1066 1788 1118 frequentator.

620 1128 887 1167 Veruntamen
919 1127 970 1166 ad
1000 1128 1315 1167 transferendum
1351 1128 1536 1178 magister
1566 1128 1788 1167 scholarum

621 1203 685 1229 me
721 1190 945 1237 commovit,
981 1190 1049 1241 qui
1087 1190 1171 1242 ejus
1208 1190 1454 1229 Hierarchiae
1486 1190 1629 1228 factam
1668 1202 1692 1228 a
1726 1203 1789 1228 me

624 1252 917 1291 translationem
938 1266 1007 1291 vos
1035 1254 1253 1303 approbare
1278 1260 1316 1291 et
1340 1252 1458 1304 hujus
1480 1252 1674 1304 postulare
1696 1265 1788 1290 con-

621 1314 803 1353 firmavit.
849 1314 1035 1354 Eundem
1055 1322 1184 1353 autem
1200 1314 1359 1354 modum
1379 1314 1633 1354 transferendi
1651 1314 1693 1352 in
1714 1314 1788 1353 hac

621 1376 856 1415 Hier-archia
872 1390 988 1427 quem
1011 1377 1053 1415 in
1087 1376 1250 1416 Coelesti
1281 1377 1497 1423 observavi,
1513 1376 1589 1414 hoc
1618 1382 1788 1425 excepto

620 1437 726 1490 quod
740 1438 902 1477 Latinas
921 1438 1115 1477 dictiones
1134 1440 1278 1478 multas
1296 1452 1366 1489 pro
1385 1451 1465 1477 una
1479 1438 1622 1476 Graeca
1639 1437 1788 1488 positas

619 1512 700 1539 non
717 1500 867 1551 ubique
887 1500 1092 1552 conjunxi,
1110 1507 1149 1539 et
1167 1500 1313 1539 alicubi
1338 1512 1495 1537 sensum
1519 1498 1652 1550 potius
1670 1511 1787 1550 quam

620 1562 740 1600 verba
766 1574 851 1600 sum
880 1568 1079 1613 sequutus.
1135 1561 1282 1600 Poterit
1308 1567 1439 1600 autem
1467 1561 1610 1611 aliquis
1636 1572 1787 1599 remon-

622 1629 741 1662 strare
771 1637 890 1674 quare
917 1624 1110 1675 placuerit
1140 1623 1369 1662 Latinorum
1397 1621 1577 1661 ecclesiae
1606 1620 1788 1672 quaedam

620 1692 769 1724 mutare
797 1698 887 1736 quae
916 1691 1071 1724 constat
1092 1685 1217 1723 virum
1246 1684 1531 1723 sanctissimum
1555 1690 1595 1722 et
1618 1683 1668 1720 ab
1692 1695 1786 1733 apo-

621 1747 730 1785 stolis
749 1747 943 1785 eruditum
963 1746 1182 1793 tradidisse,
1199 1746 1279 1784 imo
1304 1746 1447 1784 tradita
1464 1746 1514 1784 ab
1533 1744 1786 1783 antecessori-

618 1808 695 1846 bus
722 1807 804 1846 suis
829 1807 1060 1854 narravisse,
1079 1812 1118 1846 et
1145 1820 1262 1859 quare
1289 1807 1432 1846 tradita
1449 1807 1594 1847 suerint
1611 1807 1785 1846 rationes

621 1868 851 1908 ostendisse.

611 2007 884 2047 EPISTOLA
911 2008 1246 2048 CCXXX1.—-An
1258 2020 1448 2048 JOANNEM
1464 2019 1781 2047 PICTAVIENSEM.

1068 2071 1122 2120 [A.
1135 2082 1173 2109 n.
1197 2071 1332 2120 116⁷.]

877 2153 1030 2191 Joanni
1047 2153 1294 2191 Pictaviensi
1311 2153 1521 2203 Episcopo.

669 2220 865 2259 Pam'rtm
890 2227 950 2259 est
977 2220 1144 2259 consilio
1172 2227 1299 2258 vestro
1326 2233 1398 2271 pro
1423 2219 1592 2258 viribus:
1622 2219 1785 2257 missum

620 2289 682 2322 est
706 2283 759 2322 ad
787 2281 990 2321 dominum
1018 2295 1162 2333 papam
1190 2294 1280 2320 cum
1306 2281 1429 2320 literis
1458 2280 1783 2319 christianissimi

618 2345 722 2395 regis
752 2351 793 2384 et
823 2344 1053 2395 optimatum
1086 2343 1277 2383 Franciae.
1338 2341 1604 2382 Cardinalium
1639 2353 1785 2379 nomen

615 2407 728 2447 viluit
754 2405 863 2457 apud
894 2406 1081 2453 Francos,
1110 2418 1159 2444 eo
1190 2404 1298 2455 quod
1329 2403 1559 2443 Balaamitae
1591 2410 1785 2456 quatenus

613 2469 726 2509 licuit
742 2469 889 2508 inventi
913 2475 1017 2516 sunt,
1041 2475 1078 2508 et
1102 2467 1211 2518 digni
1236 2466 1304 2518 qui
1330 2480 1421 2506 cum
1446 2466 1527 2505 suis
1554 2465 1785 2505 Madianitis

615 2538 797 2571 corruant
823 2531 954 2582 gladio
979 2531 1133 2582 Moysi:
1172 2529 1374 2570 vivificant
1397 2529 1501 2568 enim
1520 2529 1668 2568 animas
1693 2542 1783 2581 quae

614 2607 696 2633 non
709 2594 856 2642 vivunt,
868 2600 908 2633 et
921 2594 1187 2633 Moabitarum
1202 2597 1405 2644 captantes
1419 2605 1581 2630 munera
1590 2592 1783 2642 populum

616 2655 695 2693 Dei
722 2655 930 2694 maledicto
957 2661 996 2694 et
1024 2655 1187 2694 infamia
1214 2660 1406 2694 conantur
1432 2653 1637 2691 involvere.
1693 2653 1780 2691 Nec

613 2715 727 2754 veriti
734 2722 826 2755 sunt
837 2717 990 2756 mentiri
1003 2718 1173 2757 inliteris
1187 2730 1283 2767 quas
1298 2724 1433 2755 contra
1446 2714 1782 2760 Cantuariensem,
