2401 3462
619 496 752 544 1168.]
1078 508 1296 535 lepls'roLAE.
1706 500 1775 536 171

615 650 885 690 EPISTOLA
915 652 1057 691 CCLX
1066 653 1242 691 [ve—An
1257 663 1485 692 ROBERTUM
1504 664 1555 691 DE
1577 664 1781 692 massam.

1060 713 1114 761 [A.
1136 726 1173 752 D.
1197 714 1329 763 1168]

908 827 1017 864 Idem
1038 827 1202 865 Roberto
1219 827 1267 864 de
1286 825 1490 864 Limeseia.

670 908 856 947 Ventus
875 906 963 946 fuco
981 915 1100 952 caret,
1117 913 1157 946 et
1175 906 1347 946 amicitia
1363 906 1470 959 loqui
1490 920 1566 946 non
1586 907 1693 946 novit
1711 907 1785 946 nisi

615 969 713 1009 facie
734 968 914 1009 revelata.
957 969 1018 1008 Ad
1036 969 1208 1008 amicum
1226 969 1358 1021 itaque
1373 968 1536 1020 loquens
1553 969 1592 1007 in
1610 968 1785 1018 veritate,

615 1046 752 1083 precor
765 1039 808 1070 ut
826 1030 957 1070 latoris
970 1031 1222 1083 praesentium
1239 1031 1381 1082 dirigas
1396 1031 1488 1075 vias,
1502 1038 1542 1070 et
1560 1044 1786 1083 promoveas

616 1093 815 1145 negotium
836 1095 921 1145 ejus
946 1092 1130 1145 quoniam
1150 1093 1258 1145 pium
1278 1101 1348 1133 est.
1394 1096 1569 1144 Rogatus
1587 1106 1673 1132 sum
1693 1093 1786 1132 scri-

618 1155 711 1194 bere
729 1154 889 1194 domino
909 1154 1080 1194 Winton.
1100 1161 1140 1193 et
1164 1167 1233 1206 pro
1251 1153 1327 1193 alio
1354 1153 1610 1204 intercedere,
1628 1155 1695 1207 qui
1714 1168 1785 1207 pro

618 1231 682 1257 me
702 1217 911 1271 quicquam
930 1224 1064 1269 petere
1091 1230 1245 1268 semper
1262 1216 1403 1257 erubui
1426 1223 1467 1257 et
1486 1216 1683 1257 erubesco.
1732 1216 1786 1256 Et

617 1279 776 1332 quidem
803 1279 892 1319 Deo
916 1278 1061 1331 gratias
1091 1292 1178 1330 ago,
1210 1279 1315 1331 quod
1341 1285 1423 1318 tam
1452 1279 1667 1318 elementer
1697 1292 1785 1331 pro·

618 1342 744 1394 spexit
762 1342 982 1381 necessitati
1001 1354 1114 1387 meae,
1130 1347 1175 1380 ut
1192 1354 1256 1380 me
1271 1354 1344 1380 nec
1358 1341 1580 1381 mendicare
1594 1348 1784 1394 oporteat,

619 1418 692 1444 nec
711 1404 844 1444 multis
862 1412 998 1443 tenear
1015 1404 1221 1455 obligatus.
1278 1403 1419 1443 Paucis
1444 1403 1550 1443 enim
1569 1410 1784 1444 nostratum

618 1467 827 1520 quicquam
846 1466 973 1506 debeo
991 1473 1135 1518 praeter
1148 1465 1348 1505 caritatem
1369 1479 1488 1518 quam
1508 1465 1689 1506 omnibus
1707 1480 1786 1506 non

618 1529 763 1569 debere
796 1542 874 1567 non
902 1534 1030 1581 potest
1061 1527 1315 1567 Christianus.
1373 1528 1572 1566 Caeterum
1603 1528 1788 1569 dominus

620 1594 820 1640 cantuar„
856 1590 947 1630 exul
983 1596 1023 1629 et
1060 1589 1294 1641 proscriptus
1325 1602 1395 1640 pro
1433 1588 1580 1629 tuenda
1606 1589 1787 1629 libertate

620 1653 796 1693 ecelesiae
815 1658 856 1691 et
883 1651 990 1700 cleri,
1007 1651 1189 1691 omnibus
1215 1650 1377 1703 quidem
1397 1650 1552 1698 militat,
1572 1651 1640 1690 sed
1659 1651 1788 1692 adhuc

620 1714 824 1767 stipendiis
842 1713 933 1760 suis,
953 1720 994 1752 et
1012 1713 1146 1752 multis
1165 1711 1395 1752 eoexulibus
1413 1719 1595 1752 oneratus
1613 1721 1682 1753 est.
1735 1713 1788 1753 Et

620 1790 745 1831 quum
760 1775 955 1815 Dominus
973 1782 1065 1814 tuus
1077 1773 1284 1813 subveniat
1298 1773 1396 1821 aliis,
1410 1774 1541 1813 neseio
1560 1774 1627 1814 ubi
1642 1774 1788 1815 elemo-

621 1852 737 1892 synas
757 1851 846 1877 suas
874 1836 991 1889 possit
1012 1836 1153 1876 melius
1178 1843 1220 1876 et
1246 1836 1447 1878 honestius
1465 1836 1666 1878 collocare.
1723 1841 1788 1879 Da

622 1914 715 1952 ergo
733 1913 906 1952 operam,
926 1906 970 1938 ut
987 1900 1025 1939 ei
1042 1911 1157 1951 opem
1175 1897 1287 1938 ferat.

648 2134 918 2173 EPISTOLA
947 2132 1253 2172 CCLXV.-—-A1>
1272 2143 1499 2171 ROBERTUM
1517 2145 1686 2175 Ancum.
1708 2148 1760 2175 DE

945 2206 1133 2233 summm.
1188 2197 1244 2242 [A.
1267 2206 1302 2232 D.
1329 2195 1462 2244 1168]

834 2298 944 2335 Idem
965 2296 1129 2334 Roberto
1147 2295 1435 2334 Archidiacono
1453 2297 1572 2335 Surr.

677 2382 801 2419 HANG
828 2376 931 2416 inter
952 2374 1096 2415 amieos
1123 2375 1220 2415 ratio
1244 2375 1416 2427 praefinit
1438 2376 1580 2428 legem,
1601 2384 1645 2417 ut
1662 2379 1713 2418 ab
1731 2380 1793 2420 in-

624 2441 748 2480 vicem
762 2453 839 2480 non
856 2438 930 2478 nisi
941 2438 1103 2477 honesta
1117 2444 1316 2490 petantur:
1341 2444 1394 2486 et,
1407 2437 1438 2477 si
1453 2438 1655 2480 inhonesta
1670 2441 1793 2493 petita

625 2503 783 2551 fuerint,
807 2515 883 2541 non
910 2500 1179 2540 admittantur.
1235 2499 1318 2540 Ubi
1346 2507 1477 2540 autem
1497 2501 1612 2541 amici
1637 2503 1792 2555 petitio-

624 2564 739 2604 nibus
765 2564 945 2603 honestas
962 2562 1206 2614 suffragatur,
1225 2567 1266 2600 et
1293 2575 1358 2600 eas
1377 2562 1609 2603 admittendi
1629 2564 1792 2608 facultas

627 2625 812 2679 suppetit,
840 2625 1088 2665 adhibendus
1106 2633 1165 2664 est
1191 2623 1274 2663 sine
1300 2623 1526 2664 difficultate
1559 2639 1790 2669 consensus:

624 2695 665 2727 et
693 2687 969 2739 adimpletione
992 2687 1086 2735 voti,
1113 2687 1144 2726 si
1165 2693 1291 2738 potest
1319 2685 1416 2736 fieri,
1435 2688 1711 2739 praevenienda
1733 2698 1793 2731 est
