2401 3462
629 512 762 560 1163]
1101 522 1320 550 nms'rorAE.
1715 513 1790 549 129

623 615 796 654 fortassis
823 614 1010 654 dilatione
1039 628 1115 667 qua
1142 616 1364 654 necessaria
1395 620 1554 667 quaerat‚
1581 623 1621 654 et
1653 615 1789 654 domui

620 690 701 716 suae
719 678 927 730 disponere
941 678 1086 729 possit:
1115 678 1278 717 fortasse
1294 679 1367 716 sub
1386 690 1433 716 eo
1448 683 1640 729 praetextu
1655 679 1788 728 colligi

618 746 816 790 poterunt,
835 754 923 792 quae
943 742 1031 780 Deo
1049 742 1195 791 gratius
1214 746 1437 790 erogentur.
1487 742 1535 779 In
1553 741 1678 792 ipsius
1696 753 1788 779 vero

620 802 828 852 legationis
855 802 1101 853 susceptione
1129 802 1261 842 omnia
1285 815 1414 841 causae
1442 803 1536 842 vitia
1556 809 1597 841 et
1621 803 1787 855 impedi-

617 870 750 902 menta
766 864 1019 914 protestanda
1036 871 1140 911 sunt,
1160 872 1204 903 ut
1221 871 1260 904 et
1277 865 1520 904 conscientia
1537 870 1709 903 servetur
1726 865 1786 903 in-

617 925 783 972 demnis,
801 932 841 965 et
859 932 902 965 ut
918 939 1072 966 amarus
1090 926 1222 965 exitus
1246 932 1384 975 postea
1401 939 1480 964 non
1500 925 1643 963 debeat
1659 925 1785 976 impu-

620 986 701 1025 tari.
737 987 932 1037 Exigetur
950 988 1046 1025 sorte
1061 986 1111 1025 de
1130 986 1325 1025 mandatis
1344 986 1567 1036 diligentius
1586 999 1786 1037 exequen-

619 1047 681 1087 dis
699 1049 792 1087 novi
810 1049 939 1088 cautio
959 1048 1194 1099 juramenti:
1233 1047 1301 1087 sed
1320 1061 1400 1086 non
1429 1048 1543 1086 video
1563 1062 1641 1099 quo
1669 1049 1786 1088 modo

617 1111 702 1149 sine
722 1111 974 1162 turpitudinis
991 1116 1084 1149 nota
1102 1115 1316 1161 praestetur.
1373 1111 1485 1150 Nihil
1504 1117 1631 1150 autem
1651 1112 1785 1151 utilius

620 1187 705 1212 esse
725 1174 913 1213 dilatione
933 1174 1050 1213 credo
1069 1173 1101 1212 si
1115 1178 1247 1224 potest
1263 1174 1482 1224 impetrari:
1520 1175 1611 1227 quia
1629 1181 1785 1214 auctore

620 1236 793 1275 Domino
821 1237 974 1275 interim
1003 1241 1070 1275 aut
1095 1248 1176 1286 pax
1201 1235 1482 1283 reformabitur,
1512 1245 1579 1275 aut
1605 1237 1786 1275 dominus

615 1311 731 1350 papa,
748 1299 807 1337 vel
826 1299 1045 1338 cardinales
1062 1298 1139 1337 alio
1151 1297 1370 1349 procedent
1387 1299 1564 1344 consilio,
1579 1305 1648 1337 aut
1665 1298 1785 1337 totius

613 1361 763 1411 negotii
779 1361 941 1401 formam
960 1367 1137 1413 oporteat
1154 1361 1364 1400 immutari.
1402 1361 1562 1400 Utinam
1582 1361 1681 1400 veris
1699 1374 1783 1411 gra·

615 1423 722 1463 viora
740 1424 819 1463 sint
836 1425 1010 1476 pericula
1029 1437 1118 1475 quae
1136 1423 1332 1469 timentur,
1352 1429 1392 1462 et
1419 1424 1640 1464 sollicitudo
1660 1424 1785 1463 varios

618 1486 777 1525 timores
790 1487 999 1526 incusserit
1019 1486 1174 1525 amanti.
1226 1486 1269 1525 Si
1289 1485 1544 1525 Cicestrensis
1562 1493 1602 1526 et
1629 1486 1785 1537 Wigor-

617 1546 745 1587 nensis
757 1561 916 1600 operam
928 1547 1109 1588 dederint
1120 1555 1159 1587 et
1170 1548 1425 1599 diligentiam,
1440 1549 1544 1600 quod
1563 1555 1607 1588 ut
1623 1550 1786 1588 arbitror

615 1617 813 1661 poterunt,
842 1610 1041 1662 quomodo
1069 1617 1160 1649 tuus
1185 1610 1428 1649 Exoniensis
1451 1610 1694 1662 expediatur,
1720 1625 1783 1651 ru—

615 1673 788 1710 moribus
818 1673 950 1711 minus
982 1672 1149 1710 credam.
1206 1671 1395 1722 Alioquin
1431 1679 1685 1723 praesumetur
1714 1686 1785 1711 eos

616 1733 860 1772 machinatos
896 1746 982 1771 esse
1017 1732 1239 1782 periculum
1276 1732 1402 1770 fratris
1440 1732 1547 1783 quod
1589 1735 1785 1774 noluerint

614 1793 818 1844 impedire.
873 1794 967 1831 Hoc
996 1799 1125 1831 autem
1158 1798 1304 1830 certum
1336 1792 1496 1841 habeas,
1524 1794 1628 1845 quod
1657 1796 1783 1834 archi-

614 1855 826 1906 episcopus
838 1860 941 1893 ratas
953 1867 1034 1892 non
1047 1855 1165 1893 habet
1178 1854 1442 1893 absolutiones
1456 1856 1645 1906 quasdam
1658 1858 1782 1897 factas

618 1929 641 1954 a
654 1914 939 1954 cardinalibus:
969 1922 1009 1954 et
1020 1915 1094 1954 hoc
1110 1916 1241 1966 ipsum
1252 1915 1487 1964 significavit
1500 1917 1574 1956 eis:
1606 1918 1784 1959 deferens

615 1985 745 2016 tamen
777 1978 1007 2029 apostolicae
1038 1977 1124 2016 sedi
1153 1978 1279 2016 noluit
1311 1990 1381 2016 eos
1409 1992 1571 2029 arguere
1602 1981 1781 2032 publicet

614 2040 827 2092 proesertim
856 2053 973 2092 quum
1006 2041 1235 2092 promittant
1266 2053 1308 2079 se
1339 2041 1517 2080 celeriter
1545 2052 1782 2083 correcturos

616 2101 722 2154 quod
740 2102 995 2142 circumventi
1015 2103 1312 2154 praesumpsisse
1330 2110 1555 2143 noscuntur.
1602 2105 1779 2156 Rogave-

611 2171 703 2204 runt
721 2164 939 2204 cardinales
957 2164 1304 2217 archiepiscopum
1316 2178 1367 2204 ne
1382 2166 1698 2206 Loudoniensem
1718 2169 1779 2206 vel

613 2227 712 2265 alios
740 2225 994 2266 denunciaret
1024 2227 1400 2275 excommunicatos,
1428 2227 1521 2267 dum
1550 2241 1641 2279 spes
1670 2229 1780 2279 pacis

614 2294 731 2336 esset,
748 2295 788 2327 et
806 2288 892 2339 ipsa
910 2280 1003 2327 tunc
1023 2288 1234 2340 adquievit.

666 2804 754 2832 voL.
776 2804 823 2830 11.
1190 2802 1217 2828 K
