2401 3462
568 527 700 576 1168.]
1041 540 1256 569 EPISTOLAE.
1659 534 1729 568 161

561 632 793 672 benedictus
821 632 981 672 Domini
1012 647 1053 671 es
1083 640 1122 672 et
1153 633 1302 673 Christi
1329 632 1521 680 sacerdos,
1546 633 1665 672 immo
1692 641 1730 673 et

563 694 745 735 Christus
762 695 865 733 inter
882 694 983 733 filios
1000 694 1307 746 patriarcharum
1332 696 1398 747 qui
1424 709 1541 748 super
1560 703 1730 734 montem

563 746 725 798 G'r'arizin
757 757 807 796 ad
839 756 1145 796 benedicendum
1173 757 1376 796 constituti
1404 765 1510 805 sunt,
1538 772 1730 810 exequere

560 820 667 872 quod
686 818 890 858 ordinatus
907 833 966 858 es:
986 819 1206 858 benedicito
1224 819 1465 872 frequenter,
1478 820 1545 859 sed
1562 820 1729 859 maxime

562 880 785 919 domesticis
811 879 916 929 fidei,
938 880 1137 920 consolare
1165 880 1359 932 dispersos
1389 881 1526 930 Israel,
1550 884 1730 921 miserere

562 952 796 990 pauperum,
821 939 1064 979 communica
1090 940 1396 992 proscriptorum
1422 942 1727 982 necessitatibus.

563 1003 620 1040 Et
640 1010 683 1040 ut
703 1001 753 1039 ab
772 1000 950 1053 apostolo
975 1000 1159 1046 didicisti,
1178 1001 1434 1042 ministerium
1465 1011 1576 1042 tuum
1596 1003 1729 1055 imple,

564 1076 716 1101 omnem
749 1062 1004 1115 quantaelibet
1029 1062 1272 1102 difficultatis
1298 1064 1523 1112 articulum,
1549 1066 1580 1104 si
1608 1065 1657 1104 de
1684 1080 1731 1104 eo

563 1124 726 1164 confidis
744 1125 939 1178 expediet,
957 1124 1024 1176 qui
1038 1125 1209 1164 Abrahae
1222 1124 1345 1164 filium
1367 1126 1532 1166 hostiam
1552 1127 1730 1167 offerenti

564 1186 722 1226 arietem
741 1186 946 1227 substituit
964 1186 1272 1227 immolandum.‘

660 1372 930 1411 EPISTOLA
959 1372 1290 1413 CCLVIII.—An
1309 1385 1562 1413 WILLELMUM
1585 1385 1637 1412 ns

862 1446 1118 1474 NORTHALLA.
1163 1435 1217 1484 [A.
1233 1447 1270 1474 n.
1295 1436 1426 1485 1168.]

827 1531 936 1570 Mem
960 1533 1148 1570 Winezmo
1165 1533 1214 1570 de
1230 1514 1463 1572 Nor'dhana.

617 1614 758 1652 SOBRn
777 1613 896 1652 moris
913 1621 971 1652 est
991 1621 1036 1652 ut
1055 1613 1310 1653 invalescente
1336 1615 1501 1666 strepitu
1523 1614 1581 1652 vir
1599 1613 1729 1665 gravis

563 1675 756 1714 silentium
777 1675 1001 1714 moderetur
1019 1686 1058 1714 et
1077 1676 1217 1714 verba:
1249 1683 1293 1715 ut
1312 1691 1381 1714 nec
1401 1676 1492 1715 velit
1517 1676 1729 1715 occlamare

564 1736 752 1785 clamosis,
781 1751 849 1775 nec
881 1736 1144 1788 garrientibus
1172 1738 1361 1788 oggarire.
1419 1737 1494 1775 Sed
1523 1737 1729 1788 ingruente

565 1798 736 1850 procella
749 1798 917 1837 turbinis
931 1799 1033 1837 inter
1047 1798 1209 1838 tonitrui
1224 1799 1508 1838 coruscationes
1521 1807 1558 1839 et
1570 1799 1730 1851 fulgura

565 1860 740 1900 fabulam
760 1860 919 1898 recitare
940 1860 1131 1899 dementis
1155 1869 1226 1908 est,
1246 1869 1285 1900 et
1309 1861 1534 1914 importuna
1559 1862 1728 1901 narratio

565 1922 687 1961 instar
714 1930 772 1961 est
801 1921 957 1960 musicae
984 1922 1023 1960 in
1051 1922 1160 1962 luctu
1189 1922 1336 1961 funeris
1357 1922 1586 1974 joculariam
1618 1938 1728 1963 exer-

565 1984 697 2024 centis.
754 1984 865 2040 Licet
890 1998 983 2035 ergo
1008 1994 1046 2023 te
1069 1983 1284 2031 dilexerim,
1304 1992 1343 2023 et
1361 1984 1520 2036 diligam
1540 2000 1621 2038 prae
1639 2001 1728 2027 con-

563 2047 735 2087 sortibus
770 2046 853 2084 fere
886 2045 1067 2085 omnibus
1110 2047 1258 2099 quibus
1293 2047 1643 2092 commilitabamus
1686 2050 1726 2089 in

562 2108 689 2147 curia:
718 2115 847 2147 tamen
866 2108 1122 2147 invalescente
1136 2115 1365 2160 tempestate
1383 2108 1573 2148 calamum
1593 2113 1725 2152 censui

562 2169 867 2223 reprimendum,
904 2170 973 2221 qui
1011 2184 1113 2209 nunc
1156 2170 1445 2209 detumescente
1481 2173 1651 2223 procella
1685 2175 1727 2215 in

563 2232 808 2272 salutationis
828 2239 867 2271 et
885 2232 1231 2284 congratulationis
1249 2233 1464 2285 alloquium
1486 2236 1637 2274 solutus
1655 2244 1725 2276 est.

563 2294 739 2334 Ecclesia
756 2307 924 2346 namque
942 2294 992 2333 ab
1009 2295 1157 2333 oriente
1177 2304 1351 2336 serenata
1368 2301 1448 2333 est:
1478 2302 1518 2333 et
1538 2296 1727 2347 Aquiloni

557 2359 640 2411 jam
668 2356 771 2395 dixit
799 2357 971 2408 Spiritus
997 2364 1042 2395 ut
1071 2356 1223 2395 recedat
1250 2370 1274 2394 a
1301 2363 1405 2394 terra
1421 2364 1562 2404 vestra,
1587 2359 1726 2400 cedens

561 2427 707 2466 austro,
722 2418 793 2471 qui
808 2419 1000 2457 virtutum
1020 2417 1212 2469 producat
1226 2417 1352 2466 flores,
1365 2426 1404 2458 et
1419 2419 1591 2459 caritatis
1607 2435 1727 2474 opera

564 2482 753 2535 perducat
777 2480 827 2519 ad
851 2479 1038 2519 fructum.
1095 2479 1256 2519 Interim
1282 2479 1332 2518 de
1356 2487 1395 2519 te
1419 2487 1458 2519 et
1484 2481 1567 2520 aliis
1593 2484 1728 2526 multis

564 2542 750 2582 sollicitus
763 2556 832 2595 per
844 2544 1006 2581 latorem
1021 2542 1285 2593 praesentium,
1300 2542 1397 2595 quid
1411 2543 1517 2595 apud
1534 2551 1570 2584 te
1585 2555 1727 2598 agatur

562 2605 764 2657 explorare
782 2604 948 2653 decrevi,
967 2599 1036 2658 q'ui
1055 2613 1094 2644 et
1115 2613 1152 2644 te
1170 2605 1219 2644 de
1239 2613 1343 2644 statu
1364 2619 1449 2645 meo
1469 2607 1549 2659 (qui
1569 2617 1727 2650 auctore

559 2669 647 2705 Deo
675 2666 800 2705 bonus
833 2670 905 2717 est)
938 2668 1083 2719 poterit
1115 2668 1278 2708 reddere
1309 2668 1537 2708 certiorem:
1585 2678 1624 2710 et
1655 2685 1725 2723 per

560 2741 677 2779 quem
706 2727 801 2765 mihi
834 2727 942 2779 quod
969 2728 1159 2780 placuerit
1189 2729 1335 2781 poteris
1365 2729 1554 2770 intimare.
1612 2732 1728 2785 Adji-

614 2800 703 2827 von.
730 2800 774 2829 ιι.
1139 2802 1172 2828 m
