2401 3462
679 512 819 561 1168.]
1128 525 1346 553 Erlsrom.
1773 515 1846 550 165

673 679 948 719 EPISTOLA
967 678 1290 718 CCLX11.—-An
1304 690 1600 718 MAffls'rnArtm
1613 689 1837 717 montrum

940 753 1240 781 mxovaSEM.
1301 740 1356 790 [A.
1376 754 1416 779 n.
1440 742 1575 788 1168]

672 834 759 874 Suo
779 835 990 874 Bemdicto
1012 847 1108 874 suus
1128 836 1350 874 Gratianus
1367 837 1532 875 salutem
1552 842 1591 875 et
1609 830 1850 876 bemdictw‘

1086 910 1176 936 nem
1196 911 1222 935 a
1241 898 1422 936 Domino.

726 979 836 1023 QUIA
863 978 935 1017 tibi
962 978 1213 1030 praesentium
1241 978 1405 1030 portitor
1428 978 1581 1031 plenius
1610 986 1727 1018 notus
1762 988 1834 1028 est,

670 1038 786 1091 plura
821 1040 945 1078 relatu
979 1040 1098 1091 digna
1125 1039 1321 1079 schedulae
1350 1040 1594 1089 subtrahens,
1628 1041 1718 1080 fidei
1751 1043 1835 1094 ejus

672 1100 845 1139 commisi
859 1100 931 1140 tibi
946 1100 1133 1140 secretius
1145 1100 1372 1140 intimanda.
1400 1103 1545 1140 Verum
1561 1104 1656 1154 quia
1669 1103 1718 1141 de
1730 1111 1837 1143 statu

671 1161 830 1213 publico
857 1161 1026 1200 ecclesiae
1043 1168 1083 1200 et
1101 1161 1211 1213 regni
1230 1161 1373 1214 pariter
1393 1161 1660 1210 sollicitamur,
1685 1171 1837 1204 utrum-

593 1257 603 1268 „
650 1237 750 1280 ¹que
778 1223 850 1263 tibi
886 1223 1080 1263 succincta
1115 1223 1304 1262 brevitate
1340 1223 1571 1275 perstringo.
1627 1223 1671 1263 In
1700 1226 1836 1277 primis

671 1299 765 1337 ergo
800 1286 965 1332 noveris,
995 1286 1102 1338 quod
1139 1286 1396 1325 haeresiarcha
1424 1286 1641 1325 Cremensis
1677 1294 1716 1326 et
1754 1301 1835 1326 cre·
1876 1295 1880 1298 '

671 1347 835 1386 mandas
848 1347 1006 1387 clausus
1025 1348 1136 1386 estin
1158 1348 1289 1386 Turre
1310 1346 1497 1398 Stephani
1511 1348 1745 1397 Theobaldi,
1764 1361 1836 1388 nec

671 1408 788 1448 audet
801 1409 947 1462 egredi,
960 1409 1149 1461 timetque
1163 1422 1290 1461 usque
1304 1409 1353 1447 ad
1369 1416 1532 1448 mortem
1548 1409 1833 1450 innovationem

672 1479 907 1518 senatorum,
919 1472 1037 1524 quiin
1049 1470 1220 1510 calendis
1234 1471 1523 1510 Novembribus
1536 1472 1646 1511 urbis
1660 1473 1833 1525 regimen

671 1534 866 1586 accepturi
894 1542 995 1572 sunt.
1054 1534 1154 1571 Nam
1183 1533 1385 1584 praesentis
1421 1533 1510 1571 anni
1547 1540 1754 1580 senatores,
1787 1542 1832 1574 ut

671 1595 845 1648 captivos
872 1609 964 1634 suos
990 1595 1039 1633 de
1058 1609 1208 1633 carcere
1226 1594 1470 1646 imperatoris
1497 1596 1703 1646 eriperent,
1734 1596 1834 1634 Gui-

671 1656 810 1695 donem
828 1658 1073 1696 Cremensem
1090 1664 1320 1707 receperunt
1338 1656 1444 1707 apud
1457 1655 1641 1694 Sanctum
1659 1659 1835 1704 Petrum,

672 1725 710 1757 et
729 1719 767 1756 in
781 1720 938 1769 regione
951 1718 1272 1769 Transtyberina,
1284 1717 1318 1755 ei
1331 1717 1525 1769 juratoria
1535 1717 1712 1756 cautione
1727 1732 1835 1758 secu-

673 1779 826 1818 ritatem
855 1787 1096 1831 praestantes.
1152 1780 1317 1817 Romam
1349 1792 1440 1817 vero
1459 1777 1503 1817 ei*
1521 1793 1721 1831 nunquam
1743 1782 1835 1821 sub..

668 1841 787 1893 jicere
806 1847 1034 1892 potuerunt,
1053 1848 1105 1887 et,
1126 1848 1168 1879 ut
1188 1840 1339 1891 opinor,
1359 1853 1429 1879 nec
1454 1840 1672 1880 voluerunt.
1728 1845 1832 1884 Novi

675 1916 766 1941 vero
785 1910 977 1941 senatores
996 1902 1152 1941 domino
1172 1916 1283 1954 papae
1303 1902 1531 1941 Alexandro
1549 1902 1692 1943 facient
1711 1905 1832 1945 fideli-

673 1971 805 2012 tatem,
831 1971 870 2002 et
897 1971 940 2002 ut
967 1963 1152 2011 creditur,
1180 1973 1338 2004 auctore
1366 1967 1466 2013 Deo,
1492 1965 1688 2005 schismati
1717 1969 1835 2007 finem

673 2026 834 2065 dabunt.
894 2025 979 2065 Hoc
1008 2025 1109 2065 enim
1138 2026 1286 2065 diutius
1314 2034 1523 2065 tractatum
1543 2035 1615 2073 est,
1644 2036 1682 2067 et
1702 2030 1834 2070 multis

672 2088 867 2127 firmatum
899 2088 1141 2140 juramentis.
1197 2088 1422 2128 cardinales
1448 2088 1613 2128 redeunt
1649 2094 1832 2141 revocati,

671 2163 746 2188 non
767 2149 847 2190 sine
866 2149 1091 2189 confusione
1109 2150 1353 2202 poenitentes,
1371 2158 1409 2190 et
1428 2159 1707 2203 conquerentes
1724 2168 1764 2193 se
1782 2154 1834 2194 ad

669 2211 772 2262 regis
795 2211 1036 2249 voluntatem
1064 2210 1178 2249 nimis
1201 2225 1372 2250 caussam
1399 2211 1568 2250 ecclesiae
1589 2212 1834 2264 depressisse.

673 2274 788 2313 Alter
806 2272 906 2310 enim
925 2286 1073 2321 eorum,
1092 2272 1271 2311 videlicet
1300 2272 1513 2324 papiensis,
1530 2274 1564 2311 ei
1591 2273 1630 2311 in
1650 2275 1832 2316 omnibus

671 2334 836 2379 adstitit,
857 2332 979 2372 altero
996 2347 1153 2385 quoque
1179 2333 1378 2372 remissius
1396 2340 1548 2384 agente,
1573 2347 1692 2385 quam
1712 2343 1831 2377 tantae

673 2395 971 2450 exspectationis
1006 2403 1045 2434 et
1082 2395 1163 2447 spei
1199 2395 1392 2434 hominem
1437 2395 1638 2436 decuisset.
1713 2397 1831 2439 Unde

669 2460 799 2499 literas
817 2458 917 2505 illas,
936 2457 984 2496 de
1008 2457 1155 2510 quibus
1176 2453 1242 2496 rex
1266 2456 1471 2508 gloriatur,
1494 2456 1641 2496 domini
1660 2460 1832 2500 Cantua-

670 2521 804 2560 riensis
822 2528 1053 2573 potestatem
1068 2520 1303 2568 cohibentes,
1322 2518 1443 2557 donec
1461 2518 1591 2558 redeat
1607 2519 1646 2558 in
1664 2522 1832 2573 gratiam

672 2584 770 2635 ejus,
806 2589 953 2622 constat
992 2581 1064 2620 hac
1100 2589 1183 2620 arte
1219 2580 1338 2619 fuisse
1364 2580 1602 2633 impetratas.
1658 2583 1830 2624 Noverat

673 2651 908 2688 memoratus
937 2642 1136 2694 Papiensis
1162 2642 1360 2681 dominum
1390 2641 1709 2690 Cantuariensem
1733 2644 1834 2684 obti-

672 2704 802 2745 unisse
826 2704 875 2743 ab
900 2704 1111 2756 apostolica
1137 2704 1242 2753 sede,
1270 2711 1314 2743 ut
1333 2703 1368 2742 ei
1387 2703 1517 2742 liceret
1535 2704 1576 2742 in
1595 2712 1714 2758 caput
1733 2705 1835 2760 regis
