2401 3462
544 527 558 562 l
569 525 674 574 168.]
1013 536 1231 565 EPISTOLAE.
1628 528 1699 565 121

535 630 784 680 pontificem,
798 631 867 681 qui
885 634 993 667 stare
1010 642 1132 668 ausus
1149 636 1204 669 est
1220 643 1295 679 pro
1312 631 1481 669 ecclesiae
1501 630 1704 670 libertale:

541 691 610 741 qui
641 692 766 740 legem
804 691 878 729 Dei
910 690 1186 729 traditionibus
1220 691 1403 730 humanis
1437 693 1573 730 asserit
1606 704 1703 743 prae—

544 753 753 792 ferendam.
812 752 985 791 Nescitis

797 817 874 859 quid
887 817 991 861 pariat
1003 820 1136 850 ventura
1150 817 1229 858 dies,

541 884 581 917 et
599 891 652 916 ex
669 877 807 916 litteris
827 877 976 916 domini
1003 890 1118 928 papae
1138 877 1361 929 conjicietis
1379 878 1421 916 in
1439 885 1585 929 quanto
1604 879 1706 930 peri·

541 940 633 978 culo
668 939 788 990 positi
823 939 915 987 sint,
948 952 1047 990 quos
1083 939 1403 990 archiepiscopus
1437 941 1706 979 excommuni-

541 1009 709 1048 caverat,
726 1007 767 1040 et
784 1001 953 1039 universi
976 1000 1186 1051 participes
1212 1014 1357 1039 eorum.
1414 1002 1499 1040 Nec
1528 1002 1599 1041 tuti
1617 1010 1708 1041 sunt

541 1063 768 1114 appellandi
798 1063 1051 1113 subterfugio,
1079 1075 1201 1113 quum
1229 1076 1403 1101 summus
1431 1063 1612 1113 pontifex
1639 1077 1708 1116 ap-

542 1126 774 1176 pellationes
806 1124 1006 1171 excludat,
1034 1131 1073 1163 et
1104 1125 1242 1175 legatis
1267 1125 1351 1176 jam
1388 1126 1632 1176 praeceperit,
1664 1133 1708 1165 ut

541 1201 622 1234 eos,
640 1188 707 1239 qui
729 1187 958 1226 videbantur
984 1186 1167 1234 absoluti,
1194 1195 1385 1237 reponant
1410 1188 1451 1225 in
1478 1188 1706 1227 anteriorem

542 1250 788 1296 sententiam,
819 1249 896 1287 nisi
934 1249 1191 1288 satisfecerint
1224 1249 1501 1288 incontinenti.
1571 1250 1708 1289 Archi-

541 1312 753 1362 episcopus
773 1317 863 1350 vero
882 1317 921 1350 et
939 1311 1170 1363 episcopum
1194 1311 1525 1357 Londoniensem,
1544 1320 1584 1351 et
1609 1312 1707 1351 alios

542 1374 672 1424 plures
688 1374 939 1412 denunciavit
952 1374 1218 1413 cardinalibus
1232 1374 1595 1413 excommunicatos
1609 1387 1708 1422 esse,

542 1449 759 1488 causasque
779 1435 949 1487 subjecit
961 1449 1061 1487 quas
1074 1449 1297 1475 enumerare
1312 1437 1473 1486 longum
1487 1442 1558 1475 est.
1591 1437 1709 1476 Plura

541 1498 652 1536 vobis
678 1498 873 1536 interdum
904 1504 940 1536 et
966 1511 988 1536 a
1012 1498 1192 1548 pluribus
1218 1497 1492 1543 scriberentur,
1512 1497 1589 1536 nisi
1617 1498 1709 1549 quia.

544 1573 630 1611 quae
658 1560 769 1597 vobis
795 1560 912 1598 amici
940 1559 1165 1609 significant
1192 1559 1241 1597 ad
1274 1561 1478 1607 cautelam,
1508 1572 1578 1598 vos
1604 1561 1709 1598 velut

541 1621 692 1660 inimici
712 1620 871 1659 desertis
889 1620 940 1659 ad
959 1633 1100 1670 regem.
1143 1621 1294 1667 valete,
1308 1620 1555 1659 dilectissimi
1573 1621 1709 1659 fratres

541 1692 580 1721 et
598 1683 760 1728 domini,
775 1690 814 1720 et
830 1683 1035 1732 operosius
1049 1683 1164 1731 agite,
1178 1688 1222 1720 ut
1238 1682 1355 1720 amici
1370 1683 1498 1729 vestri,
1513 1682 1579 1733 qui
1591 1682 1709 1732 pauci

485 1787 490 1791 ,
542 1752 644 1788 sunt,
680 1744 869 1795 proficere
912 1744 1065 1794 possint
1099 1744 1141 1781 in
1177 1743 1432 1782 excusatione
1468 1743 1705 1783 innocentiae

544 1812 692 1845 vestrae.

572 1940 839 1979 EPISTULA
870 1934 1183 1980 CCXLII.—An
1202 1953 1429 1982 nonnarum
1446 1954 1615 1982 Ancum.
1636 1954 1688 1982 DE

858 2015 1049 2043 summu.
1109 2004 1163 2053 [A.
1184 2015 1221 2042 n.
1245 2005 1378 2055 1168.]

540 2096 715 2135 Jommes
727 2096 776 2134 de
788 2096 1020 2135 Saresben‘a
1035 2096 1200 2136 Roberto
1213 2097 1505 2136 Archidiaco-no
1517 2096 1706 2138 Surreiae.

594 2175 939 2213 INGRA'm‘rumms
955 2175 1048 2213 vitio
1063 2173 1163 2213 nihil
1177 2175 1364 2213 odibilius
1377 2182 1438 2213 est
1456 2175 1561 2226 apud
1577 2176 1706 2215 Deum

541 2243 582 2275 et
606 2236 799 2283 homines,
818 2236 931 2287 cujus
959 2243 1052 2274 nota
1079 2237 1214 2275 merito
1243 2236 1405 2275 videbor
1432 2238 1647 2277 inurendus
1673 2239 1707 2277 si

541 2299 717 2338 actiones
763 2298 969 2347 gratiarum
1022 2298 1159 2346 lingua
1206 2298 1367 2346 siluerit,
1410 2299 1562 2349 quoties
1617 2306 1708 2350 post

540 2360 736 2399 beneficia
754 2359 867 2398 datur
878 2361 1154 2411 opportunitas
1168 2361 1432 2410 colloquendi.
1470 2362 1602 2411 Agens
1616 2374 1708 2412 ergo

541 2424 684 2473 gratias
706 2435 805 2474 quas
833 2431 873 2461 et
902 2428 1072 2473 quantas
1099 2435 1171 2473 pro
1199 2429 1372 2472 tempore
1396 2435 1569 2473 possum,
1596 2423 1707 2463 illum

541 2482 808 2523 retributorem
826 2485 1050 2524 meritorum
1064 2485 1174 2522 vobis
1192 2484 1441 2523 confidenter
1459 2484 1583 2524 audeo
1602 2485 1706 2526 dele·

541 2560 630 2597 gare
643 2547 710 2598 qui
722 2547 828 2586 bona
842 2554 986 2586 cuncta
998 2548 1106 2596 larga
1119 2553 1159 2585 et
1172 2547 1333 2598 copiosa
1345 2560 1463 2585 manu
1476 2556 1708 2597 remunerat,

541 2617 580 2648 et
615 2611 761 2648 nullam
798 2612 942 2649 malum
979 2611 1164 2661 relinquit
1199 2610 1447 2660 impunitum.
1513 2611 1613 2650 Haec
1648 2619 1709 2650 est

542 2663 696 2709 interim
722 2672 938 2710 consolatio
964 2679 1108 2718 nostra,
1128 2672 1211 2710 haec
1241 2684 1332 2723 spes
1356 2679 1416 2710 est
1437 2672 1544 2723 jugis
1568 2673 1706 2712 timen-

543 2733 640 2770 tium
663 2733 887 2772 Dominum·
943 2734 1041 2778 Quis
1060 2733 1167 2772 enim
1184 2734 1356 2784 speravit
1372 2734 1414 2772 in
1435 2734 1525 2782 1110,
1543 2741 1582 2773 et
1600 2734 1708 2773 dere-
