2401 3462
635 510 767 560 1167.]
1107 519 1322 548 EPISTOLAE.
1747 512 1797 549 83

629 614 907 665 episcoporum
926 613 1119 664 impulsus
1137 619 1209 659 est,
1227 626 1391 664 purgare
1408 625 1488 651 non
1507 625 1681 663 possum,
1702 614 1795 665 quia

628 689 709 714 non
729 676 854 715 suerat
877 675 1012 726 utique
1041 675 1244 714 facienda:
1283 675 1353 714 sed
1381 676 1570 713 offensam
1597 675 1794 714 confessio

628 736 753 786 diluit,
771 743 937 787 accepta
955 737 1182 775 solemniter
1199 735 1434 787 poenitentia
1452 750 1475 775 a
1494 749 1645 774 summo
1664 737 1790 787 ponti-

626 799 704 838 fice
728 800 794 850 qui
823 811 1023 850 perversas
1039 798 1126 837 illas
1147 798 1451 837 consuetudines
1479 798 1611 837 multis
1631 798 1792 837 audien—

627 861 734 900 tibus
751 860 980 899 auctoiitate
1000 860 1219 911 apostolica
1236 860 1528 899 condemnavit.
1583 860 1625 899 Si
1652 873 1695 899 se
1714 873 1793 898 non

625 923 770 973 ingerit
800 922 1067 973 quaerentibus
1099 923 1268 961 animam
1295 922 1395 973 ejus,
1424 935 1547 973 quum
1575 922 1636 960 via
1663 929 1793 972 pateat

626 984 868 1024 commodior
896 989 936 1022 et
965 984 1168 1029 salubrior,
1187 991 1291 1022 recte
1321 981 1426 1031 facit,
1448 984 1727 1035 prophetarum
1754 992 1793 1022 et

627 1048 895 1097 apostolorum
922 1046 1041 1084 fretus
1068 1046 1276 1095 exemplo:
1317 1059 1439 1096 quum
1466 1044 1612 1092 David,
1642 1044 1794 1091 Helias,

624 1109 776 1156 Petrus,
806 1115 846 1146 et
878 1107 1026 1146 Paulus
1057 1108 1132 1146 hoc
1166 1107 1271 1146 idem
1304 1107 1443 1146 fecisse
1475 1107 1662 1157 legantur.
1717 1107 1794 1145 Est

624 1170 728 1209 enim
759 1175 908 1209 tentare
946 1169 1091 1214 Deum,
1123 1181 1165 1207 se
1196 1168 1326 1219 ipsum
1360 1168 1477 1207 certis
1508 1178 1547 1207 et
1578 1167 1793 1206 manifestis

626 1231 819 1282 objectare
832 1229 1000 1281 pericliS,
1011 1243 1130 1280 quum
1139 1229 1181 1267 in
1194 1229 1368 1268 Domino
1380 1235 1514 1280 pateat
1521 1229 1793 1280 opportunitas

629 1292 834 1332 evadendi.

674 1355 787 1392 Deus
819 1360 963 1400 autem,
992 1353 1059 1404 qui
1082 1352 1168 1404 jam
1199 1352 1351 1404 incepit
1378 1352 1584 1392 ecclesiam
1612 1366 1722 1392 suam
1749 1352 1792 1391 in

620 1417 749 1468 capite
763 1416 972 1463 consolari,
986 1427 1057 1466 per
1074 1415 1379 1454 misericordiam
1398 1428 1508 1454 suam
1528 1415 1791 1454 consolidabit

621 1488 660 1519 et
686 1480 881 1518 membra:
914 1486 954 1517 et
971 1478 1040 1530 qui
1065 1478 1327 1517 Teutonicum
1345 1484 1554 1528 tyrannum
1573 1478 1791 1517 schismati-⁴

621 1555 754 1581 corum
782 1540 999 1592 principem
1020 1540 1152 1589 coegit
1178 1540 1228 1578 ab
1248 1539 1344 1577 urbe
1370 1540 1552 1579 recedere
1571 1540 1791 1586 confusum,

620 1604 706 1655 ipse
725 1603 928 1642 dominum
946 1615 1078 1651 regem
1096 1602 1313 1651 Anglomm
1342 1602 1465 1650 gratia
1483 1614 1555 1640 sua
1574 1601 1736 1640 reducet
1752 1608 1791 1639 et

621 1666 793 1705 deducet
826 1666 869 1703 in
901 1665 1002 1702 viam
1036 1671 1196 1711 rectam,
1227 1671 1271 1702 ut
1303 1664 1353 1701 de
1382 1670 1524 1702 caetero
1557 1663 1791 1701 consiliariis

619 1727 733 1766 malis
746 1740 826 1764 non
845 1725 1084 1775 acquiescat.
1135 1725 1204 1771 Et,
1219 1725 1252 1762 si
1271 1724 1474 1772 astrologis
1490 1724 1660 1762 creditur
1678 1724 1791 1775 (quos

620 1795 752 1827 tamen
770 1798 845 1835 ego
870 1798 950 1823 non
969 1786 1136 1822 multum
1164 1784 1297 1823 audire
1322 1784 1476 1835 dignor)
1495 1797 1621 1824 annus
1645 1785 1717 1824 iste
1737 1799 1790 1825 ex

623 1850 748 1887 forma
777 1845 1088 1886 constellationis
1107 1845 1250 1885 dicitur
1268 1859 1353 1886 esse
1371 1846 1560 1886 mirabilis
1576 1859 1586 1884 t
1625 1854 1664 1887 et
1682 1848 1725 1887 in
1742 1861 1789 1887 eo

618 1923 756 1960 regum
788 1908 952 1949 consilia
985 1909 1250 1955 mutabuntur,
1283 1916 1323 1949 et
1355 1909 1397 1948 in
1434 1910 1528 1949 orbe
1565 1912 1791 1950 crebescent
1823 1900 1833 1908 ¹

621 1973 741 2018 bella,
760 1971 924 2011 fervebit
941 1976 1041 2010 terra
1066 1971 1338 2020 seditionibus,
1356 1971 1624 2023 deprimentur
1641 1986 1790 2012 mercu-

618 2034 748 2082 riales,
779 2033 849 2073 sed
880 2038 1009 2073 tamen
1041 2034 1083 2072 in
1118 2033 1200 2073 fine
1233 2034 1326 2073 anni
1358 2034 1641 2073 relevabuntur.
1696 2037 1787 2085 Ego

615 2103 744 2136 tamen
761 2097 848 2135 haec
877 2097 1030 2136 somnia
1055 2110 1157 2136 vana
1181 2104 1289 2149 puto,
1309 2098 1405 2136 licet
1427 2110 1498 2148 pro
1519 2103 1629 2149 parte
1653 2112 1786 2138 verum

615 2153 761 2198 dlxisse
781 2158 996 2198 videantur.
1051 2159 1246 2199 Obierunt
1265 2160 1369 2199 enim
1390 2160 1601 2199 consiliarii
1619 2161 1788 2213 impera-

614 2221 722 2269 toris,
738 2221 986 2270 Raginaldus
1006 2220 1255 2261 coloniensis
1281 2223 1615 2273 archiepiscopus,
1633 2230 1673 2262 et
1698 2224 1787 2262 Ma·

615 2283 800 2334 gontinus
825 2284 1008 2332 intrusus,
1036 2282 1284 2332 Leodiensis‚
1301 2290 1342 2323 et
1358 2283 1663 2335 Ratisponensis
1681 2285 1783 2334 epis—

615 2346 720 2396 copi,
738 2351 777 2383 et
800 2345 932 2395 plures
954 2345 1196 2384 schismatici
1220 2345 1430 2396 principes.
1484 2345 1600 2384 Bella
1624 2351 1664 2384 et
1683 2346 1786 2384 sedi-

613 2407 741 2445 tiones
759 2406 904 2457 ubique
922 2405 1084 2453 fervent,
1103 2405 1353 2444 mercuriales
1372 2404 1471 2444 adeo
1491 2405 1665 2456 depressi
1677 2410 1786 2455 sunt,

613 2473 662 2508 ut
688 2469 881 2515 Francia,
904 2469 1081 2507 omnium
1109 2469 1317 2507 mitissima
1341 2472 1379 2507 et
1407 2469 1635 2507 civiliseima
1661 2470 1786 2510 natio-

613 2545 723 2579 num,
742 2531 979 2581 alienigenas
1001 2531 1205 2570 scholares
1232 2530 1422 2581 abegerit.
1478 2531 1553 2570 Est
1570 2538 1611 2571 et
1637 2534 1783 2572 revela—

613 2593 734 2632 tionis
758 2600 1027 2644 argumentum
1047 2594 1155 2645 quod
1185 2594 1324 2633 seditio
1342 2594 1551 2634 Remensis
1577 2595 1788 2647 pacificata

616 2661 689 2701 est,
721 2662 760 2694 et
796 2656 903 2695 urbis
940 2658 1067 2696 soluta
1104 2663 1164 2696 est
1194 2656 1365 2696 obsidio.
1419 2657 1537 2696 Hanc
1569 2659 1673 2696 enim
1711 2659 1786 2696 sibi

619 2718 916 2765 germanitatem
945 2717 1002 2767 (ut
1028 2718 1150 2768 aiunt)
1179 2718 1242 2756 hae
1271 2718 1361 2757 duae
1380 2718 1571 2759 exhibent
1596 2719 1786 2767 civitates,

1169 2791 1196 2817 o
1214 2783 1241 2817 2
