2401 3462
721 523 799 560 290
1041 529 1206 558 JOANMS
1223 527 1563 556 SARESBERIENSIS
1768 518 1827 565 [A.
1847 529 1891 556 ι).

721 623 1031 664 ministrantibus
1050 629 1204 675 possent
1230 620 1417 669 sufficere,
1435 628 1474 659 et
1497 620 1756 660 humilitatem
1776 620 1890 660 debi-

724 695 803 726 tam
823 685 1042 738 hospitibus
1060 698 1132 737 pro
1151 683 1225 722 loci
1243 682 1403 722 modulo
1425 680 1673 722 laudabiliter
1690 682 1891 723 exhibere.

726 748 928 801 Siquidem
964 748 1103 786 fratres
1128 746 1183 785 ibi
1211 746 1409 797 degentes,
1445 752 1525 784 tam
1561 745 1733 798 episcopi
1767 759 1892 798 quam

724 810 941 850 officialium
961 810 1059 862 ejus,
1083 808 1149 848 sed
1169 816 1208 848 et
1227 808 1442 847 vicinorum
1462 806 1627 858 gratiam
1648 816 1891 856 meruerunt,

722 881 958 926 possentque
994 871 1134 911 amodo
1169 870 1379 910 amicorum
1409 868 1584 908 subsidio
1618 883 1689 922 per
1714 871 1886 922 gratiam

725 936 802 976 Dei
844 943 884 975 et
928 948 1036 974 suam
1080 933 1307 973 industriam
1353 931 1523 979 dilatari,
1563 932 1637 971 nisi
1681 932 1889 973 conatibus

722 1011 859 1037 eorum
885 1004 1094 1049 tempestas
1112 996 1298 1048 ingruens
1314 994 1503 1034 obviaret.
1560 994 1635 1034 Sed
1662 994 1751 1034 licet
1768 995 1891 1035 vicini

724 1059 913 1113 undique,
949 1059 1018 1112 qui
1054 1059 1290 1097 munitiones
1326 1056 1569 1104 custodiunt,
1604 1058 1655 1097 ab
1690 1058 1747 1097 eis
1781 1071 1890 1110 saepe

722 1123 847 1162 multa
853 1129 1127 1175 extorqueant,
1141 1129 1269 1161 tamen
1282 1134 1354 1173 pro
1364 1118 1515 1158 viribus
1528 1120 1681 1159 solliciti
1696 1128 1788 1160 sunt
1796 1122 1886 1160 Deo

719 1193 758 1225 et
773 1185 930 1223 domino
943 1199 1015 1224 suo
1028 1192 1162 1223 sancto
1182 1182 1365 1234 Remigio
1379 1195 1532 1221 servare
1545 1181 1676 1229 fidem,
1690 1190 1730 1222 et
1743 1185 1887 1223 vestris

720 1261 791 1300 per
807 1248 936 1287 omnia
948 1246 1193 1299 jussionibus
1211 1245 1381 1285 obedire.
1437 1246 1579 1284 Frater
1599 1245 1772 1284 Absalon
1792 1259 1884 1285 cum

719 1308 848 1348 reditu
885 1317 1019 1348 nostro
1053 1308 1298 1348 desiderabat
1342 1307 1577 1361 pertransire
1611 1307 1662 1347 ad
1697 1321 1780 1356 noS,
1818 1308 1888 1348 sed

720 1379 881 1422 propter
921 1371 1162 1410 imminentia
1202 1371 1391 1422 pericula,
1436 1385 1523 1410 meo
1558 1377 1598 1411 et
1640 1371 1772 1410 fratris
1808 1372 1887 1410 mei

720 1432 893 1481 consilio,
911 1446 1088 1472 reversus
1108 1439 1167 1471 est
1192 1432 1241 1471 ad
1267 1432 1444 1481 domum,
1471 1435 1550 1481 cui,
1579 1435 1611 1473 si
1636 1433 1799 1480 abesset,
1818 1433 1888 1473 de-

721 1496 858 1535 solatio
875 1495 1113 1536 imminebat.
1169 1497 1367 1536 Canonem
1387 1511 1480 1536 vero
1498 1496 1754 1537 constitutum
1765 1496 1887 1549 depo-

721 1556 799 1596 suit
829 1556 867 1595 in
896 1570 1015 1596 manu
1044 1558 1163 1597 vestri
1186 1557 1362 1605 Ricardi,
1397 1565 1441 1597 ut
1465 1557 1577 1597 illum
1610 1556 1804 1610 recipiatis
1833 1557 1884 1597 de

719 1632 837 1657 manu
864 1619 961 1671 ejus,
981 1618 1011 1657 si
1038 1619 1141 1659 forte
1162 1621 1272 1659 Deus
1296 1620 1596 1660 commodiorem
1626 1620 1884 1660 intermeandi

719 1681 871 1720 dederit
907 1681 1149 1721 facultatem.
1203 1682 1258 1720 Et
1295 1682 1387 1734 quia
1421 1682 1571 1722 malitia
1596 1681 1808 1728 invalescit,
1836 1690 1883 1723 ut

716 1751 871 1796 oportet
905 1744 1059 1790 fratres,
1095 1743 1165 1796 qui
1192 1743 1231 1782 in
1267 1743 1385 1784 domo
1421 1752 1549 1785 vestra
1576 1752 1681 1793 sunt,
1716 1752 1881 1796 urgente

716 1807 944 1846 necessitate
961 1814 1049 1859 post
1069 1805 1239 1846 latrones
1255 1814 1294 1846 et
1313 1807 1517 1859 praedones
1539 1820 1611 1859 per
1628 1806 1785 1846 castella
1801 1807 1883 1847 dis·

715 1881 883 1915 currere,
912 1875 954 1909 ut
981 1876 1118 1908 neuter
1143 1881 1279 1907 eorum
1305 1869 1503 1908 interdum
1522 1869 1629 1909 domi
1645 1869 1883 1917 inveniatur,

714 1932 840 1978 nobis,
868 1933 900 1971 si
926 1930 1097 1984 placeret
1116 1930 1241 1977 vobis,
1270 1938 1310 1970 et
1337 1932 1497 1971 oonsilio
1516 1940 1656 1978 vestro,
1681 1931 1881 1971 videretur

712 1993 924 2034 admodum
943 1993 1141 2046 expedire,
1159 2001 1204 2033 ut
1222 1994 1340 2034 etiam
1359 2008 1449 2033 eum
1467 1994 1727 2034 diminutione
1744 1994 1879 2047 aliqua

711 2056 905 2107 pensionis
927 2055 1135 2095 mitteretis
1161 2056 1331 2108 aliquem
1361 2056 1582 2104 honestum,
1611 2065 1649 2097 et
1667 2056 1717 2097 ad
1750 2071 1883 2097 neces·

714 2116 846 2155 sitates
882 2118 1106 2155 monasterii
1133 2117 1390 2169 compositum
1424 2109 1598 2166 fratrem,
1636 2118 1705 2170 qui
1742 2126 1876 2170 posset

712 2177 789 2217 illis
806 2191 887 2217 esse
906 2176 1056 2226 solatio,
1073 2185 1113 2217 et
1132 2179 1171 2217 in
1191 2178 1365 2219 absentia
1391 2180 1555 2220 aliorum
1573 2181 1879 2221 adventantibus

711 2240 957 2294 respondere,
988 2247 1028 2280 et
1057 2253 1127 2279 sua
1158 2244 1368 2298 praesentia
1397 2243 1596 2284 testificari
1627 2242 1756 2283 locum
1784 2244 1876 2284 reli-

713 2305 841 2355 gionis
859 2303 977 2343 titulo
1005 2302 1166 2342 Domini
1192 2313 1471 2345 consecratum.
1526 2307 1627 2346 Nam
1648 2306 1680 2346 si
1705 2306 1760 2346 ibi
1778 2306 1880 2346 mul-

710 2365 881 2419 tiplicior
926 2366 1152 2419 apparuerit
1188 2365 1459 2418 religiosorum
1502 2382 1702 2417 numerus,
1737 2368 1876 2421 procul

710 2427 834 2467 dubio
852 2428 976 2480 major
994 2428 1045 2467 ab
1058 2427 1193 2469 incolis
1213 2428 1372 2468 Domini
1387 2430 1599 2470 reverentia
1612 2430 1876 2478 exhibebitur,

710 2495 749 2527 et
768 2488 1059 2529 malefactorum
1079 2490 1308 2543 improbitas
1326 2491 1479 2532 facilius
1498 2491 1752 2545 conquiescet.
