2401 3462
620 521 644 556 6
940 528 1106 555 Jonmrs
1125 526 1467 554 smsssnamausss
1672 516 1728 565 [Δ.
1748 525 1786 554 ι).

621 633 733 671 agere
752 621 963 660 consuevit.
1012 620 1204 659 Caeterum
1229 620 1301 658 tibi
1319 620 1550 670 compatior,
1569 621 1636 671 qui
1659 620 1781 659 mino-

621 696 703 721 rem
722 684 966 722 securitatem
985 683 1025 721 in
1046 689 1174 733 portu,
1188 694 1305 733 quam
1323 682 1364 719 in
1381 682 1580 732 naufragio
1598 683 1788 734 reperisti.

624 745 703 784 Sed
724 745 757 784 si
775 745 847 784 tibi
874 745 985 783 Deus
1003 745 1065 783 vel
1084 743 1135 784 ad
1156 743 1353 782 modicum
1375 744 1604 795 patientiam
1623 743 1790 788 dederit,

623 806 731 858 quod
767 807 838 846 tibi
874 806 1094 845 indubitata
1129 805 1208 845 fide
1250 805 1483 857 pronuncio,
1517 805 1705 856 naufragi,
1741 805 1790 845 de

623 869 766 919 quibus
785 868 1026 918 desperatur,
1043 868 1228 907 citissime
1249 874 1433 919 poterunt
1450 875 1490 906 et
1508 868 1641 907 volent
1659 868 1786 919 opitu-

623 931 705 970 lari.
762 931 832 970 Sta
857 942 949 980 ergo
975 931 1015 969 in
1048 943 1096 970 ea
1124 930 1362 977 conditione,
1389 930 1430 968 in
1459 942 1539 981 qua
1565 942 1588 968 a
1615 930 1789 969 Domino

623 1000 785 1033 vocatus
803 1006 858 1041 es,
875 1000 916 1032 et
932 994 1070 1032 saltem
1090 999 1282 1044 quatenus
1300 992 1386 1030 sine
1410 992 1583 1043 periculo
1602 992 1788 1044 potueris,

621 1054 761 1094 divinae
796 1056 896 1107 legis
932 1062 1100 1094 assertor
1135 1055 1275 1093 existe.
1338 1054 1443 1094 Satis
1479 1054 1693 1093 humanum
1729 1061 1790 1093 est

621 1117 727 1170 quod
746 1117 835 1157 dico
859 1125 1017 1169 propter
1044 1117 1311 1156 infirmitatem
1336 1117 1465 1156 carnis
1482 1122 1638 1156 nostrae.
1684 1117 1786 1164 Quia

620 1180 696 1219 nisi
716 1180 784 1231 qui
801 1180 902 1229 legis
927 1179 1146 1218 custodiam
1164 1179 1349 1230 periculis
1374 1179 1555 1218 omnibus
1573 1180 1788 1230 anteponit,

620 1242 759 1281 salvari
777 1255 855 1280 non
882 1254 1013 1293 posse,
1033 1243 1143 1281 testis
1170 1248 1229 1280 est
1246 1242 1384 1280 beatus
1405 1242 1620 1293 apostolus,
1639 1248 1681 1280 et
1705 1248 1788 1281 tota

620 1304 761 1343 concio
780 1304 1053 1354 perfectorum.
1101 1303 1250 1355 Scripsi
1276 1303 1428 1342 homini
1445 1316 1516 1354 pro
1541 1316 1621 1354 quo
1639 1303 1785 1342 sollici·

618 1366 732 1405 tatis:
765 1373 805 1405 et
823 1366 941 1405 credo
959 1366 1066 1417 quod
1091 1367 1141 1405 ab
1159 1367 1246 1417 ipso
1264 1379 1334 1417 per
1353 1367 1515 1405 latorem
1532 1366 1783 1417 praesentium

621 1426 670 1466 de
689 1432 792 1466 statu
809 1427 843 1479 ej
850 1440 907 1476 us,
922 1428 990 1479 qui
1011 1428 1099 1466 Deo
1118 1427 1352 1479 propitiante
1371 1428 1499 1466 bonus
1517 1435 1588 1475 est,
1606 1428 1785 1468 certiora-

618 1490 734 1528 beris.
793 1489 955 1528 Amicos
990 1496 1145 1528 nostros
1180 1483 1306 1528 saluta
1343 1489 1581 1539 diligentius,
1617 1501 1782 1540 quorum

616 1552 789 1596 nomina,
809 1551 913 1590 sicut
939 1551 1092 1602 paginae
1118 1550 1324 1598 subducta,
1342 1551 1400 1590 sic
1427 1551 1559 1590 animo
1583 1551 1782 1603 portitoris

618 1612 777 1652 confido
795 1613 1064 1665 multiplicatis
1082 1614 1263 1665 precibus
1281 1626 1366 1652 esse
1383 1613 1585 1665 impressa.

659 1807 940 1848 EPISTOLA.
970 1807 1270 1848 CXCIIL—-An
1289 1820 1547 1849 BAanmtm
1566 1820 1737 1849 Ancum.

894 1881 1172 1909 Exomssnsam.
1232 1870 1286 1918 [Α.
1307 1883 1345 1908 D.
1367 1873 1500 1920 1166]

818 1965 1028 2005 Baldwino
1044 1965 1267 2004 Emoniemi
1284 1965 1570 2004 archidiacono.

666 2054 987 2092 Expncmnonn
1004 2052 1122 2102 longa
1140 2052 1335 2102 suspensi,
1352 2057 1392 2090 et
1408 2052 1655 2103 impatientia
1675 2053 1779 2094 desi·

617 2115 716 2155 derii
726 2121 947 2162 aestuantes,
954 2114 1081 2153 nuntii
1092 2114 1214 2153 nostri
1225 2115 1547 2164 praestolabamur
1557 2115 1779 2165 adventum,

616 2184 816 2230 sperantes
834 2178 876 2217 in
894 2177 1023 2217 reditu
1039 2176 1125 2228 ejus
1142 2190 1216 2215 nos
1234 2176 1449 2216 amicorum
1466 2177 1671 2228 diligentia
1696 2180 1777 2220 fore

613 2240 676 2279 vel
703 2238 900 2278 literarum
927 2238 1064 2277 solatio
1090 2238 1334 2277 recreandos.
1396 2239 1451 2278 Et
1477 2239 1637 2291 quidem
1664 2253 1780 2281 secus

615 2302 775 2347 accidit,
791 2314 911 2352 quum
930 2300 996 2339 ille
1014 2312 1096 2338 non
1112 2299 1287 2340 retulerit
1303 2300 1384 2340 iota
1398 2302 1460 2340 vel
1478 2302 1644 2352 apicem.
1692 2304 1779 2343 Nec

613 2365 689 2404 hoc
708 2364 887 2410 dicimus,
907 2372 950 2401 ut
967 2369 1035 2402 aut
1057 2362 1230 2401 caritatis
1257 2362 1466 2415 defectum,
1485 2371 1553 2403 aut
1578 2365 1779 2415 negligen-

614 2426 709 2464 tiam
726 2426 889 2464 velimus
915 2425 956 2463 in
983 2425 1120 2464 amicis
1146 2438 1320 2475 arguere,
1339 2438 1439 2477 quos
1465 2433 1575 2466 tanto
1600 2425 1779 2466 acerbius

615 2485 734 2535 affligi
752 2484 1000 2537 conjicimus,
1019 2492 1165 2537 quanto
1191 2486 1321 2525 minus
1347 2485 1493 2525 audent
1519 2499 1610 2526 suas
1637 2500 1778 2537 angus-

612 2547 687 2586 fias
721 2546 935 2598 deplorare.
1008 2545 1326 2597 Comprimuntur
1372 2548 1476 2585 enim
1524 2548 1779 2598 castigatione

613 2608 776 2658 crudeli,
794 2620 1000 2661 puerorum
1020 2620 1140 2656 more,
1159 2622 1259 2660 quos
1284 2614 1568 2661 praeceptorum
1596 2610 1779 2648 severitas

611 2672 730 2723 cogit,
749 2678 793 2711 ut
817 2670 978 2710 eductas
1005 2670 1151 2710 doloris
1177 2672 1338 2723 impetu,
1358 2678 1398 2709 et
1424 2676 1596 2709 extortas
1614 2672 1777 2710 verberi-

611 2737 685 2773 bus
715 2736 908 2786 lacrymas
939 2733 1063 2773 redire
1091 2734 1237 2775 saciant
1263 2735 1304 2773 in
1337 2734 1465 2772 sinum
1494 2735 1709 2781 oculorum,
1740 2741 1779 2773 et
